3036 5002
648 469 859 531 ..29-

224 657 407 718 Λουκιανοῦ
433 651 515 737 ὑπὲρ
539 651 720 736 Φαλάριδος
747 651 799 716 καὶ
824 650 959 735 οεκρικοὶ
979 649 1031 714 καὶ
1053 652 1199 735 ἑταιρικοὶ
1221 650 1285 717 δοά-

223 757 310 838 λογοο
333 754 483 842 διάφοροι
502 756 555 820 aul
576 753 675 840 ἕτεροι
698 752 861 838 διαφόρων
883 754 1075 820 ὑποθέσεων
1093 753 1191 838 λόγοι,
1214 759 1286 843 qui-

225 863 284 929 bus
307 863 400 928 illum
424 863 694 947 comprehendere
719 865 776 926 aut
798 862 906 926 omnia
927 860 1061 926 Luciani
1089 863 1209 946 scripta
1232 866 1287 926 aut

225 970 311 1031 certe
346 967 556 1032 celeberrima
589 987 628 1031 ex
661 966 702 1031 iis
729 985 810 1048 quae
834 964 949 1030 deinde
978 966 1111 1048 exponit
1144 969 1284 1049 apparet.

227 1070 365 1134 Asinum
390 1071 487 1135 etiarn
511 1071 541 1135 ei
557 1071 734 1135 innotuisse
750 1068 879 1133 aliunde
897 1071 1030 1133 constat.
1071 1067 1162 1144 Quod
1178 1072 1284 1134 autem

228 1192 300 1236 eum
316 1172 495 1254 Phalaride,
518 1192 612 1256 quem
635 1177 672 1236 ut
690 1173 828 1255 primum
851 1171 993 1235 omnium
1009 1170 1164 1235 librorum
1188 1171 1227 1236 ab
1251 1192 1287 1237 eo

228 1276 469 1341 commemorari
503 1297 564 1341 non
601 1276 718 1340 mirum
753 1279 812 1354 est,
847 1274 989 1357 appellat
1022 1275 1118 1339 etiam
1143 1274 1287 1356 dialogos

227 1383 426 1444 mortuorum
447 1383 481 1444 et
499 1378 711 1459 meretricios,
735 1380 781 1443 ita
794 1378 948 1444 facillime
963 1378 1023 1442 hoc
1039 1377 1193 1462 explicari
1209 1381 1286 1461 puto

224 1485 261 1546 nt
294 1503 374 1548 usus
408 1483 453 1548 sit
485 1482 677 1567 apographo,
711 1483 744 1546 in
773 1501 835 1565 quo
859 1481 978 1562 dialogi
1006 1482 1153 1559 minores,
1187 1481 1287 1546 simili

224 1586 348 1650 ratione
375 1589 414 1650 ut
439 1587 561 1651 iactum
590 1589 640 1650 est
665 1585 698 1649 in
722 1585 829 1650 codice
852 1587 889 1666 P,
922 1585 955 1649 in
978 1585 1038 1649 fine
1061 1584 1163 1649 additi
1186 1589 1287 1666 erant,

226 1692 263 1752 ut
288 1689 463 1755 memoriae
491 1690 614 1754 firmins
640 1687 807 1753 inhaerere
830 1692 970 1773 possent.
1016 1687 1109 1754 Certe
1131 1709 1193 1754 non
1217 1691 1288 1773 ipso

229 1791 402 1875 archetypo
429 1813 526 1858 usum
555 1813 626 1858 esse
650 1791 798 1856 Photium
827 1795 860 1857 et
887 1813 925 1857 ex
953 1793 1023 1875 ipsa
1049 1790 1161 1856 horum
1186 1792 1287 1858 dialo-
1356 1856 1358 1861 .

230 1914 342 1976 gorum
368 1897 668 1960 commemoratione
696 1899 829 1980 apparet
856 1900 956 1960 etex
983 1913 1021 1958 ea
1048 1914 1081 1958 re
1109 1896 1195 1978 quod
1218 1896 1288 1978 epi·
1360 1885 1377 1903 ⁵

230 1999 415 2077 grammatis
438 1999 508 2064 eius
529 1999 614 2082 quod
638 1999 739 2064 codici
763 1999 953 2083 inscriptum
977 1997 1078 2062 fuisse
1101 1998 1231 2078 tradit¹)
1255 1999 1288 2063 in
1324 2026 1329 2083 j

230 2100 269 2165 iis
293 2102 348 2184 qui
373 2121 458 2166 nunc
485 2106 659 2185 supersunt
685 2102 775 2167 libris
802 2103 975 2183 vestigium
999 2100 1121 2165 nullum
1146 2104 1287 2185 apparet.

227 2202 320 2269 Nono
357 2204 459 2286 igitur
495 2205 624 2270 saeculo
658 2205 720 2269 iam
757 2206 889 2271 extabat
922 2203 1141 2289 apographum
1177 2188 1289 2270 classis

227 2307 397 2373 secundae.
442 2307 580 2374 Videtur
614 2312 721 2373 autem
755 2310 867 2375 classis
903 2309 1061 2374 secundae
1094 2308 1290 2394 archetypus

227 2411 385 2476 recentior
408 2432 478 2477 esse
502 2411 615 2476 classis
634 2413 752 2496 prioris
776 2413 960 2497 apographo
982 2432 1019 2477 eo
1043 2432 1059 2477 e
1080 2431 1142 2495 quo
1160 2411 1231 2477 Vat.
1248 2415 1289 2477 76
1312 2405 1314 2410 ’

228 2517 261 2579 ct
276 2512 364 2580 Gorl.
382 2514 538 2599 descripti
561 2519 645 2592 sunt,
670 2535 740 2580 oum
762 2519 829 2581 tres
848 2515 976 2580 libellos
992 2536 1033 2580 ex
1049 2535 1086 2580 eo
1103 2515 1288 2598 sumpserit.

229 2614 391 2700 Scriptum
419 2621 470 2683 est
495 2619 595 2700 igitur
622 2619 733 2684 classis
760 2619 878 2703 prioris
902 2619 1110 2704 archetypum
1131 2639 1193 2682 non
1215 2622 1290 2702 post

228 2720 392 2785 saeculum
408 2740 525 2786 nonum
543 2717 733 2805 nequeunte
750 2725 911 2805 quartum,
935 2741 998 2804 quo
1014 2741 1074 2785 non
1090 2721 1288 2804 antiquiores

231 2842 299 2889 esse
309 2822 499 2904 Macrobius,
523 2844 602 2907 quos
625 2825 705 2889 illud
727 2826 793 2889 iam
808 2825 999 2904 continebat,
1023 2824 1106 2888 infra
1121 2844 1287 2907 exponam.

231 2923 312 2990 Illud
344 2928 441 2991 etiam
477 2927 544 2992 veri
572 2927 675 2992 simile
704 2932 762 3007 est,
797 2927 916 3012 prioris
943 2926 1056 2993 classis
1079 2927 1289 3013 archetypum

232 3030 393 3113 antiquius
416 3052 486 3097 esse
511 3053 549 3097 oa
571 3036 677 3097 aetate
701 3051 765 3115 qua
786 3031 880 3096 homo
897 3031 1011 3097 doctus
1034 3031 1188 3115 partesh
1212 3031 1289 3097 etD

232 3130 283 3211 (de
305 3135 420 3199 ceteris
443 3152 505 3199 non
529 3135 668 3215 constat)
696 3156 758 3200 non
785 3135 888 3200 solum
918 3134 1097 3216 corrigendi
1124 3135 1182 3201 sed
1208 3135 1289 3200 miro

230 3237 326 3301 etiam
349 3234 484 3318 singula
499 3238 645 3303 variandi
668 3239 774 3304 studio
797 3239 996 3318 immutavit3
1022 3239 1069 3303 ita
1091 3243 1176 3304 certe
1199 3239 1290 3304 facil-

229 3339 305 3405 lime
328 3340 509 3424 explicatur
531 3341 616 3424 quod
638 3363 657 3406 a
677 3343 783 3426 priore
799 3341 924 3407 familia
945 3361 1007 3406 non
1030 3342 1125 3407 modo
1150 3342 1290 3408 inlibris

229 3443 331 3524 partis
361 3444 390 3507 A
424 3445 481 3509 sed
515 3445 612 3510 etiam
646 3445 679 3508 in
713 3445 849 3526 dialogis
884 3446 1063 3511 minoribus
1097 3446 1291 3531 interpolata

228 3547 373 3611 recensio
397 3566 526 3630 prorsus
554 3549 657 3613 aliena
681 3553 741 3629 est,
776 3568 857 3632 quae
885 3552 991 3612 tamen
1018 3549 1137 3614 seriore
1160 3549 1290 3633 quidem

229 3652 335 3714 aetate
366 3649 412 3714 ita
438 3653 620 3735 praevaluit
646 3655 691 3716 ut'
707 3651 928 3718 exsecandae
951 3651 1063 3717 classis
1085 3653 1290 3738 apographis,

230 3771 312 3835 quae
329 3751 473 3834 dialogos
497 3756 634 3820 minores
649 3758 763 3839 postea
777 3756 994 3834 inseruerunt,
1016 3775 1101 3820 unus
1112 3753 1291 3821 Florentini

230 3853 382 3920 librarius
416 3857 449 3920 in
483 3877 592 3923 eorum
625 3858 791 3943 exemplar
824 3857 874 3922 his
902 3856 1202 3941 interpolationibus
1228 3879 1288 3924 non

229 3957 437 4023 immutatum
460 3947 620 4026 inciderit.

230 4214 432 4223 ——.

302 4298 320 4365 ¹)
337 4298 486 4356 Λουκιανὸς
515 4297 573 4351 rdd’
604 4296 713 4371 ἔγραψα
740 4299 841 4353 παλαιά
870 4317 895 4353 τε
925 4297 1005 4372 popei
1029 4317 1055 4351 τε
1082 4297 1160 4357 εἰδώς
1186 4317 1208 4354 ο.
1227 4318 1251 4370 q.
1270 4317 1291 4354 s.

232 4385 268 4451 (II
285 4401 344 4456 pag.
355 4388 407 4440 444
425 4388 464 4440 ed.
477 4387 568 4452 Beklr.)
