3036 5002
652 458 864 521 ...55-

228 644 327 708 vatio.
350 644 432 708 Raro
445 645 562 709 accidit
573 650 610 709 ut
622 645 684 709 dno
699 644 929 728 codieespaulo
943 646 1094 710 maiorem
1107 640 1287 711 libellorum

228 746 464 812 Lucianeorum
488 769 654 812 nnmerum
677 749 877 813 continentes
893 748 1016 812 nullum
1033 748 1172 813 habeant
1187 751 1241 832 qui
1258 753 1290 814 in

228 870 337 915 eorum
373 855 509 934 utroque
540 851 677 932 legatur3
710 851 762 915 hic
792 850 1013 932 duodeviginti
1040 851 1141 916 libelli
1170 852 1290 918 eodieis

227 952 394 1018 Harleiani
417 958 450 1019 et
473 954 709 1036 duodetriginta
727 953 982 1019 Vindobonensis
1006 955 1090 1019 inter
1113 974 1146 1020 se
1171 955 1290 1022 diversi

228 1062 410 1121 occurrunt.
458 1057 695 1123 Vindobononsi
725 1056 800 1122 addi
827 1061 960 1140 possunt
986 1057 1060 1122 libri
1088 1059 1290 1140 undeviginti

227 1178 309 1242 quos
343 1161 413 1226 eius
447 1161 538 1225 initio
573 1160 649 1225 elim
683 1162 820 1244 scriptos
849 1160 949 1225 fuisso
978 1159 1165 1226 eVaticani
1189 1165 1229 1226 76
1258 1167 1291 1228 et

228 1260 424 1328 Gorlieensis
448 1266 683 1348 comparatione
707 1284 804 1347 supra
827 1262 932 1343 effeei3
960 1264 1073 1329 eadem
1097 1285 1148 1329 ros
1172 1271 1289 1346 manet,

227 1387 300 1431 nam
329 1367 414 1450 quod
441 1367 567 1432 libellos
590 1367 638 1431 De
663 1364 809 1432 mercede
831 1366 998 1431 conductis
1021 1372 1055 1432 et
1077 1365 1288 1433 Anacharsim

226 1470 261 1535 in
280 1470 398 1554 prioris
420 1471 533 1536 classis
556 1470 729 1555 archetypo
753 1470 890 1552 scriptos
911 1471 1012 1535 fuisso
1036 1491 1135 1554 snpra
1158 1473 1288 1553 oonieei,

227 1593 289 1639 non
314 1574 430 1654 obstat,
454 1574 480 1638 si
503 1594 563 1638 non
585 1574 623 1639 de
647 1574 719 1657 ipso
742 1573 858 1658 prioris
882 1574 994 1638 classis
1012 1575 1185 1658 archetypo
1202 1577 1289 1656 eogi-

227 1680 345 1755 tamus,
379 1675 437 1742 sed
464 1677 503 1742 de
532 1677 639 1741 codice
668 1677 829 1759 descripto
862 1697 900 1741 ex
931 1677 1000 1742 eius
1028 1677 1222 1761 apographo,
1256 1680 1289 1743 in

227 1799 290 1864 quo
318 1780 513 1845 Anacharsis
548 1786 580 1845 et
614 1780 741 1844 libellus
767 1779 816 1844 De
849 1779 996 1845 mercede
1025 1780 1190 1845 conductis
1225 1782 1287 1846 iam

228 1883 340 1949 omissi
355 1888 446 1948 erant
462 1888 494 1948 et
510 1884 664 1947 insertum
680 1881 818 1947 Deorum
836 1883 1017 1963 concilium,
1041 1885 1129 1947 fonte
1145 1885 1287 1948 omnium

227 1988 283 2072 qui
311 1991 421 2051 extant
447 1986 543 2051 huius
566 1987 707 2050 familiae
732 1985 886 2050 codicum.
932 1986 965 2051 ln
1000 1992 1135 2069 utroque
1169 1986 1288 2068 codiee,

226 2096 260 2157 et
291 2089 529 2156 Vindobononsi
559 2094 590 2155 et
619 2089 804 2169 llarleiano,
839 2090 973 2171 singulis
1007 2088 1127 2154 libellis
1161 2091 1287 2154 numeri

227 2193 382 2278 adscripti
407 2198 495 2273 sunt3
519 2195 551 2257 hi
575 2214 700 2277 quoque
724 2194 859 2257 invicem
884 2214 917 2258 se
940 2193 1125 2258 excludunt.
1171 2193 1237 2258 lam
1261 2194 1288 2259 si

227 2299 414 2382 quaerimus
429 2298 559 2381 quinam
575 2296 851 2378 duodesexaginta
872 2296 920 2360 illi
944 2297 1045 2362 libelli
1068 2298 1189 2362 fuerint
1208 2317 1288 2381 quos

226 2401 261 2466 in
277 2400 451 2466 Harleiano
475 2405 548 2478 ante
571 2401 710 2485 primum
734 2421 844 2465 eorum
868 2401 923 2482 qui
939 2421 1023 2465 nuno
1038 2420 1163 2483 quoque
1179 2389 1289 2466 extant

226 2505 364 2588 scriptos
391 2505 490 2570 fuisse
518 2524 534 2568 o
560 2504 702 2569 numeris
726 2508 861 2583 constat,
897 2504 947 2567 rix
972 2504 1028 2568 alii
1051 2504 1115 2568 dici
1137 2508 1290 2588 poterunt

226 2627 323 2692 quam
351 2608 451 2672 iidem
476 2607 531 2690 qni
555 2611 629 2671 sunt
652 2611 706 2671 ant
728 2608 860 2696 fuerunt
882 2607 957 2671 elim
981 2607 1013 2670 in
1038 2605 1286 2672 Vindobonensi.

224 2710 296 2777 Hoc
323 2731 417 2776 nemo
443 2711 591 2792 negleget
617 2710 732 2793 quiin
760 2710 879 2775 talibus
906 2709 1165 2792 probabilitatem
1194 2713 1287 2794 sequi

224 2815 402 2880 consuevit.
449 2812 514 2879 Sed
546 2834 608 2878 non
644 2814 737 2878 modo
771 2834 805 2878 se
839 2812 1014 2877 excludunt
1042 2817 1075 2877 ot
1101 2816 1227 2879 numeri
1255 2818 1288 2879 et

223 2919 326 2984 libelli
352 2917 408 2983 sed
431 2920 496 2984 lero
519 2939 552 2983 se
576 2919 749 3002 excipiunt.
790 2915 1047 2981 vindobonensis
1071 2916 1191 2982 codicis
1206 2918 1288 2983 liber

223 3022 361 3089 ultimus
382 3022 436 3104 qui
461 3021 565 3086 adhue
589 3025 677 3086 extat
701 3024 775 3085 sunt
794 3019 958 3100 Croniaea,
982 3039 1116 3103 quorum
1142 3023 1287 3102 singulae

223 3129 333 3210 partes
362 3145 418 3208 pro
448 3125 582 3207 singulis
605 3125 722 3190 libellis
745 3125 907 3189 numerari
930 3124 1034 3188 solent
1056 3128 1089 3188 et
1110 3125 1143 3189 in
1166 3124 1287 3191 Vindo-

224 3229 358 3294 bonensi
386 3249 512 3312 quoqne
540 3230 585 3292 ita
612 3228 872 3292 numerabantur.
918 3226 965 3291 lta
992 3228 1019 3293 si
1047 3228 1184 3293 rationes
1211 3229 1287 3293 sub-

225 3332 386 3413 ducimus
423 3353 518 3397 usum
557 3332 760 3413 antiquorum
800 3330 946 3395 codicum
981 3332 1094 3412 secuti,
1131 3331 1287 3399 habemus

224 3436 459 3521 quinquaginta
493 3456 549 3500 sex
584 3434 721 3516 libellos,
757 3454 836 3518 quos
871 3433 1110 3499 Vindobononsi
1144 3436 1287 3500 tribuere

225 3541 309 3605 lieet.
356 3538 509 3604 Croniaca
538 3538 703 3621 excipiunt
731 3539 762 3602 in
791 3537 950 3602 secundae
979 3537 1091 3602 elassis
1114 3538 1287 3623 archetypo

225 3642 417 3722 Herodotus,
451 3642 580 3721 Zeuxis,
618 3641 732 3706 deinde
767 3642 908 3724 quinque
942 3640 1055 3721 libelli,
1089 3641 1148 3705 Pro
1183 3641 1286 3724 lapsu,

226 3746 392 3829 Apologia,
430 3743 655 3823 HamnonideS,
693 3742 868 3823 Hesiodus,
907 3741 1035 3827 Scytha,
1079 3744 1134 3826 qui
1172 3744 1285 3808 eodem

226 3848 336 3914 ordine
360 3849 451 3912 initio
469 3847 636 3912 Harleiani
659 3847 827 3930 perscripti
851 3851 935 3912 sunt.
971 3846 1119 3912 Eundem
1143 3846 1286 3911 ordinem

226 3953 253 4018 si
286 3952 320 4017 in
344 3950 600 4016 vindobonensis
626 3955 715 4034 parte
742 3971 826 4015 nuno
853 3952 973 4017 amissa
999 3951 1100 4016 fuisse
1128 3949 1286 4034 ponimus,

226 4056 281 4141 qui
308 4055 340 4119 in
369 4055 428 4118 hac
455 4056 601 4138 partein
624 4054 811 4119 uniuersum
837 4054 968 4137 quidem
992 4052 1150 4119 secundae
1174 4054 1286 4120 classis

226 4157 436 4242 archetypum
464 4159 556 4240 sequi
579 4158 670 4236 solet,
697 4158 767 4222 eius
791 4157 871 4222 liber
893 4157 1201 4238 undesexagesimus
1224 4159 1288 4222 erit

226 4261 311 4327 idem
334 4260 411 4341 (Pro
436 4261 528 4343 lapsu
551 4262 634 4325 inter
657 4259 878 4341 salutandum)
901 4261 956 4343 qui
978 4261 1286 4341 undesexagesimus

226 4367 276 4430 est
303 4366 397 4429 etiarn
427 4365 460 4429 in
482 4363 665 4429 Harleiano.
711 4364 758 4429 lta
783 4364 884 4445 igitur
906 4384 972 4429 rem
997 4363 1208 4449 probabiliter
1231 4384 1286 4429 ex-
