3036 5002
653 457 863 522 ,43-

312 645 345 709 Ιι]
363 643 463 709 Navis
487 647 644 726 apparatu
668 644 731 708 duo
755 644 901 709 codicum
925 663 1043 726 gen-era
1066 641 1194 725 agnosci
1213 661 1287 726 pos-

224 753 312 828 sunt,
335 767 472 831 quorum
496 746 630 811 alterum
656 748 793 812 efficitur
809 746 989 813 Gorlicensi
1007 750 1040 811 et
1056 744 1209 810 Marciani
1225 746 1287 809 434

225 855 318 935 parte
353 851 542 927 recentiore,
579 849 716 914 alterum
741 849 918 915 Florentini
941 854 1031 932 parte
1056 847 1287 926 recentissima,

226 975 300 1019 cum
335 974 400 1037 qua
436 952 565 1033 vulgata
598 953 663 1016 fere
697 952 866 1018 consentit.
912 952 1093 1035 Utrumque
1116 956 1166 1016 cst
1188 951 1288 1014 inter·

227 1057 382 1140 polutum,
411 1056 571 1138 facileque
594 1054 643 1120 his
667 1055 843 1135 codicibus,
866 1057 921 1138 qui
945 1076 1055 1120 omnes
1079 1057 1154 1119 sunt
1176 1072 1288 1118 recen·

230 1158 357 1241 tissimi,
392 1179 499 1224 carere
533 1159 710 1242 poterimus
745 1160 772 1222 si
804 1159 929 1241 quando
958 1157 1065 1223 collati
1092 1161 1186 1221 erunt
1212 1155 1288 1220 libri

229 1262 386 1343 meliores,
411 1261 482 1327 Vat.
497 1263 548 1337 00,
571 1262 627 1344 qui
649 1282 732 1325 unus
756 1282 773 1326 e
797 1261 1027 1327 vetustioribus
1043 1260 1128 1324 hunc
1142 1259 1287 1324 libellum

226 1364 332 1446 habet,
374 1365 494 1448 quique
535 1385 575 1428 ex
612 1365 675 1428 alio
714 1364 881 1449 archetypi
919 1362 1100 1447 apographo
1138 1361 1288 1427 videntur

225 1467 379 1551 descripti
408 1487 489 1547 esse,
520 1466 589 1531 Vat.
607 1469 658 1547 80,
684 1467 760 1534 Urb.
781 1473 851 1550 118,
880 1469 997 1553 quibus
1024 1486 1108 1531 unus
1131 1466 1183 1536 vel
1206 1466 1289 1531 alter

225 1569 302 1635 addi
334 1571 472 1635 fortasse
507 1569 582 1634 olim
616 1572 745 1654 poterit.
797 1573 892 1638 Nunc
926 1571 989 1636 dici
1025 1573 1150 1634 tantum
1182 1571 1289 1651 potest

224 1673 307 1738 nihil
323 1673 525 1756 obstareque
541 1674 647 1737 minus
663 1675 833 1758 utriusque
845 1674 969 1758 generis
986 1671 1288 1757 interpolationibus

229 1775 372 1842 eiusdem
396 1775 553 1842 secundae
576 1777 689 1841 classis
713 1778 878 1863 archetypi
902 1776 1054 1842 lectiones
1071 1776 1203 1840 subesse
1219 1795 1287 1840 cre-

201 1958 204 1965 Ι
231 1878 352 1945 damus.

314 1980 450 2067 Saepius
471 1981 587 2046 accidit
608 1985 645 2046 ut
667 1981 805 2047 editores
823 1981 970 2046 idoneam
986 1982 1168 2060 lectionem,
1191 1999 1286 2061 quam

229 2084 412 2150 coniectura
435 2088 594 2167 repertam
617 2104 688 2150 esse
711 2106 772 2149 non
793 2085 960 2169 probabile
984 2089 1043 2163 est,
1067 2084 1247 2165 reciperent
1270 2102 1287 2147 e

228 2187 395 2253 codicibus
418 2187 651 2252 recentioribus
675 2193 731 2252 aut
753 2188 951 2254 editionibus
975 2191 1084 2252 contra
1106 2186 1140 2250 id
1155 2185 1239 2268 quod
1254 2186 1287 2248 in

226 2290 337 2357 codice
360 2290 468 2373 aliquo
491 2290 574 2354 bono
598 2289 757 2355 secundae
777 2291 889 2356 classis
905 2291 969 2372 legi
985 2294 1118 2355 constat.
1157 2288 1285 2353 Nullam

225 2394 286 2460 hoc
314 2394 410 2459 habet
437 2393 659 2459 difficultatem
684 2391 739 2457 ubi
760 2414 845 2459 unus
868 2394 1027 2459 secundae
1051 2392 1163 2458 classis
1186 2391 1288 2456 codex

226 2498 278 2562 vel
312 2497 408 2582 pauci
442 2497 526 2561 inter
561 2517 594 2562 se
629 2496 789 2560 coniuncti
816 2496 921 2562 adhuc
948 2497 1056 2562 collati
1083 2500 1159 2560 sunt
1184 2514 1288 2577 neque

224 2600 366 2687 multum
390 2601 473 2664 inter
495 2604 665 2682 utramque
689 2599 860 2664 lectionem
883 2599 1026 2678 interest,
1061 2603 1097 2663 ut
1123 2598 1286 2662 meliorem

225 2703 290 2768 alio
318 2703 462 2768 eiusdem
490 2703 664 2785 archetypi·
683 2701 864 2784 apographo
892 2707 1100 2787 propagatam
1125 2720 1195 2764 esse
1222 2719 1288 2764 cre·

224 2805 302 2872 dere
325 2806 430 2870 liceat.
476 2804 539 2869 Ubi
574 2808 681 2870 autern
716 2804 754 2869 de
789 2804 955 2888 archetypi
989 2803 1125 2869 lectione
1159 2823 1176 2868 e
1207 2803 1287 2867 bono

225 2908 410 2993 apographo
439 2909 517 2973 satis
541 2913 674 2987 constat,
703 2907 897 2972 omniafere
922 2925 1144 2989 quaecumque
1168 2905 1288 2970 abillo

224 3012 357 3094 gravius
389 3011 604 3094 discrepantia
631 3031 647 3075 e
675 3011 812 3076 noviciis
838 3009 980 3074 fontibus
1008 3007 1186 3073 afferuntur
1212 3028 1286 3073 con-

225 3116 349 3181 iectura
383 3115 511 3179 inventa
544 3134 615 3178 esse
644 3113 722 3178 mihi
750 3132 941 3198 persuasum
968 3115 1026 3176 est.
1073 3109 1156 3176 Sunt
1180 3113 1213 3176 in
1236 3112 1287 3178 his

225 3238 304 3283 sane
330 3217 425 3302 plura
450 3237 531 3300 quae
560 3236 618 3298 per
645 3237 678 3281 se
703 3221 847 3300 spectata
868 3215 993 3299 placere
1016 3216 1151 3297 possint,
1184 3235 1286 3298 neque

223 3321 291 3386 ullo
314 3325 459 3403 tempore
476 3318 646 3384 defuerunt
668 3321 724 3402 qui
748 3319 906 3384 sermonis
921 3317 1075 3383 Lucianei
1099 3320 1177 3384 satis
1192 3319 1287 3402 periti

225 3422 394 3507 scriptoris
422 3423 518 3487 verba
545 3422 784 3506 interpolarent.
831 3420 965 3505 Saepius
994 3421 1052 3486 hoe
1078 3420 1193 3486 fefellit
1219 3421 1286 3486 edi-

223 3530 324 3607 tores,
357 3525 497 3589 maximc
532 3526 563 3589 in
597 3526 637 3589 iis
664 3525 755 3590 libris
784 3527 840 3608 qui
867 3547 886 3590 a
912 3523 1089 3590 Fritzschio
1118 3546 1180 3589 non
1207 3523 1285 3589 editi

225 3631 303 3696 sunt
324 3648 427 3711 neque
443 3648 499 3712 per
522 3648 555 3693 se
579 3630 658 3694 satis
674 3628 763 3710 digni
786 3629 979 3694 videbantur
994 3627 1049 3710 qui
1071 3628 1190 3693 maiore
1213 3648 1284 3692 cum

224 3753 305 3798 cura
326 3734 551 3796 tractarentur.
587 3732 707 3796 Tamen
730 3736 762 3796 et
784 3732 824 3797 ad
847 3752 952 3797 meam
967 3731 1159 3796 sententiam
1175 3729 1286 3794 defen-

225 3835 364 3901 dendam
387 3836 603 3899 necessarium
627 3855 729 3918 neque
751 3856 808 3918 per·
824 3856 857 3900 sc
874 3834 987 3899 inutile
1004 3834 1066 3898 erit
1080 3833 1284 3898 librariorum

226 3937 413 4004 recentioris
442 3939 556 4002 aetatis
579 3939 734 4003 rationem
758 3959 798 4002 ex
821 3939 976 4022 exemplis
998 3935 1191 4020 quibusdam
1214 3956 1292 4018 gra-¹

224 4040 369 4106 vissimis
392 4060 590 4122 cognoscere.

311 4143 346 4208 ln
369 4143 478 4208 libello
494 4143 543 4208 De
564 4143 623 4208 dea
640 4141 733 4228 Syria
756 4143 910 4208 scribitur
932 4163 1000 4228 cap.
1018 4145 1058 4207 29
1076 4141 1126 4222 (ll,
1142 4143 1215 4222 403,
1233 4141 1284 4222 10)

226 4242 341 4309 πολλοὶ
363 4242 398 4308 δὲ
417 4240 642 4324 ἀπικνεόμενοι
657 4241 775 4327 χρυσόν
789 4265 822 4307 ιο
836 4244 889 4306 καὶ
904 4242 1049 4328 ἄργυρον,
1071 4241 1105 4307 οἳ
1118 4239 1152 4305 δὲ
1167 4240 1285 4322 χαλκόν

224 4350 401 4431 κομίζουσι·
438 4332 495 4410 εἶτ’
528 4345 663 4429 οέφέντες
695 4344 818 4410 ἐκείνου
853 4345 980 4431 medoilo
1012 4349 1144 4428 κείμενα
1173 4343 1283 4408 ἀπίασι
