3036 5002
478 453 712 519 -105-

65 636 103 703 τὰ
124 635 299 720 πλόσματα
325 660 389 706 nou
416 641 523 707 minus
547 641 626 707 bene
651 640 771 707 dicitur
794 662 889 725 quam
912 640 942 702 τί
964 635 1132 720 οἰχοίριστον

64 738 146 825 πρός
161 763 203 824 με
218 740 272 806 τόν
288 743 393 828 δῆμον
408 751 510 812 ποιεῖς
526 729 607 806 εἶναι
622 744 851 830 (Tyrannicida
867 766 893 811 c.
908 747 962 824 103
974 744 998 826 l,
1011 747 1062 825 53,
1075 744 1131 826 36)

64 850 122 913 aut
148 842 206 930 την
235 848 409 932 νῆσον...
428 897 434 910 .
455 846 593 931 ποίησον
612 896 619 910 .
637 897 643 909 .
662 898 668 911 .
687 899 694 911 .
716 847 856 928 βεβαίως
888 850 998 927 μένειν
1031 845 1130 927 (Dial.

63 970 143 1014 mar.
160 948 201 1030 X,
227 949 304 1031 131,
328 950 379 1030 89,
404 948 470 1031 28).

149 1052 203 1119 Ad
253 1056 378 1119 ceteras
429 1051 699 1118 Sommerbrodtii
747 1055 943 1120 mutationes
991 1058 1131 1135 transeo,

64 1175 201 1239 quarum
229 1177 326 1222 unam
354 1176 405 1221 me
430 1159 559 1222 omnino
582 1177 645 1222 non
669 1156 851 1239 intellegere
875 1159 1036 1223 confiteor.
1082 1157 1131 1222 De

65 1260 132 1326 suis
161 1261 293 1344 scriptis
320 1259 472 1324 simulata
499 1259 660 1325 modestia
687 1259 849 1325 Lucianus
876 1259 956 1325 dicit
978 1258 1062 1344 (cap.
1082 1258 1130 1340 1):

56 1358 184 1443 Ἔμοιγε
215 1358 325 1426 ἱκανὸν
349 1359 377 1424 εἰ
403 1358 448 1446 μη
476 1359 562 1426 πάνυ
590 1379 641 1425 σοι
671 1358 763 1448 γήινα
790 1357 880 1438 ἔδοξε
908 1358 991 1447 μηδὲ
1016 1361 1131 1447 κομιδῇ

63 1460 134 1542 ἄξια
156 1467 212 1527 τοῦ
227 1461 409 1528 Καυκάσου.
439 1465 530 1530 Nihil
554 1467 586 1530 in
607 1466 657 1532 his
680 1466 787 1531 inesse
806 1466 886 1531 mihi
902 1465 1031 1531 videtur
1045 1465 1131 1549 quod

63 1569 113 1635 vel
136 1569 353 1654 explicatione
377 1573 479 1650 egeat.
515 1568 812 1635 Sommerhrodtius
827 1574 935 1634 tamen
951 1567 1129 1647 adnotat¹):

61 1671 185 1756 Κυμιδῇ
209 1667 344 1749 α’νόξια
367 1674 421 1735 τοῦ
444 1668 616 1734 Καυκάσου
647 1672 755 1753 „nicht
777 1692 858 1754 ganz
881 1671 1051 1753 unwirrdig
1074 1670 1131 1736 des

64 1775 250 1841 Kaukasus.
278 1775 345 1840 Das
357 1777 401 1841 ist
413 1775 495 1840 doch
508 1773 592 1840 wohl
609 1775 664 1840 der
676 1773 763 1855 Sino,
780 1774 840 1841 den
854 1775 1130 1840 derZusammen-

61 1879 145 1962 hang
168 1878 335 1945 erfordert.
370 1878 439 1942 lhm
461 1877 506 1943 ist
520 1879 555 1960 ja
575 1876 787 1943 Prometheus
802 1878 1024 1960 verehrungs-,
1040 1878 1130 1943 nicht

62 1980 301 2064 strafwfirdig“.
358 1981 507 2066 Apposui
540 1981 612 2064 ipsa
651 1979 918 2046 Sommerbrodtii
951 1980 1057 2060 verba,
1093 1986 1131 2045 ut

62 2105 172 2151 omnes
197 2085 236 2150 de
261 2085 342 2149 mira
364 2084 424 2149 hac
448 2084 606 2150 sententia
629 2085 771 2150 iudicare
794 2085 935 2167 possint3
963 2082 1044 2147 mihi
1066 2103 1129 2147 non

60 2191 127 2253 tam
142 2187 182 2253 de
199 2187 382 2253 Promethei
398 2186 551 2252 laudibus
567 2189 620 2270 agi
635 2189 765 2254 videtur
780 2207 877 2272 quam
893 2187 932 2253 de
947 2186 1129 2252 Promethei

60 2311 173 2375 poena,
207 2310 316 2374 quam,
354 2294 391 2354 ut
423 2310 481 2373 par
516 2295 576 2371 est,
612 2292 802 2376 scriptorem
837 2311 894 2375 pro
929 2311 963 2355 re
997 2291 1129 2355 minime

60 2394 243 2479 expetenda
266 2393 322 2460 sed
345 2415 422 2458 vera
444 2394 603 2477 gravique
627 2415 732 2478 poena
754 2394 906 2460 habuisse
924 2394 1002 2459 satis
1019 2397 1129 2477 aperte

59 2498 142 2563 infra
164 2497 358 2598 significavit
381 2494 492 2562 dicens
516 2494 601 2582 (cap.
619 2495 653 2578 3)
676 2496 764 2576 εἴγε
786 2494 831 2582 μη
855 2491 935 2558 οὕτω
959 2495 1126 2579 φρονοίην,

60 2595 145 2677 ἄξιος
167 2595 209 2663 ἄν
232 2598 316 2662 εἷναί
336 2617 393 2677 μοι
420 2597 502 2659 donor
528 2619 593 2662 υπο
621 2598 787 2662 εκκαίόεκα
814 2601 924 2679 γυπῶν
950 2599 1127 2680 κείρεσθαι,

59 2705 116 2770 ubi
139 2702 435 2769 Sommerbrodtius
452 2723 469 2767 e
486 2723 545 2768 sua
568 2703 813 2768 ratiocinatione
835 2699 964 2779 α’νόξιυς
987 2702 1125 2768 scribere

60 2807 206 2874 debebat.
254 2804 318 2872 Sed
351 2805 403 2870 hic
431 2800 518 2882 ἄξιος
551 2805 684 2889 reliquit
713 2812 882 2872 contentus
909 2808 950 2871 iis
982 2825 1063 2889 quae
1091 2806 1125 2869 in

59 2911 204 2994 proxime
248 2909 456 2992 sequentibus
498 2909 646 2989 mutavit,
688 2905 728 2972 ον’
767 2907 882 2979 συνιεὶς
922 2908 1124 2989 Πτολεμαίου

60 3009 227 3095 α’μφότερα
252 3009 289 3072 τά
315 3008 393 3091 μετα
417 3013 472 3074 τοῦ
495 3014 586 3088 ξένου
611 3008 703 3082 αότός
725 3007 914 3090 πεπονθώς,
941 3032 1023 3096 quae
1047 3011 1126 3095 quid

61 3117 122 3182 sibi
156 3117 257 3182 velint
290 3137 403 3180 rursus
437 3117 556 3180 nescio.
618 3117 717 3200 hpud
754 3116 972 3182 Fritzsohium
1007 3120 1056 3182 est
1088 3108 1127 3175 od

59 3216 172 3290 συνιεὶς
206 3217 250 3288 οἷς
281 3213 366 3280 πολύ
408 3214 614 3302 α’μορφότερα
651 3217 688 3281 τα
725 3216 804 3298 μετα
836 3221 890 3280 τοῦ
923 3220 1014 3296 ’ξένου
1049 3212 1124 3280 adad

60 3317 259 3400 πεπονθότα,
287 3321 373 3406 quod
402 3328 514 3406 aptum
542 3328 592 3388 est
618 3330 650 3388 et
672 3324 877 3407 perspicuum
907 3326 939 3388 et
961 3323 995 3388 id
1018 3323 1125 3407 ipsum

61 3426 143 3511 quod
171 3426 322 3506 traditur,
350 3426 414 3490 nisi
443 3427 529 3508 quod
552 3428 689 3513 proclivi
712 3446 819 3491 errore
842 3422 919 3487 αότὰ
942 3422 1125 3488 πεποιθότα

61 3532 214 3615 scriptum
228 3534 286 3596 est.
314 3523 394 3589 Λότό
407 3524 543 3607 πόσχειν
560 3531 733 3597 aLuoiano
745 3530 944 3613 frequentari
959 3529 1126 3594 adnotavit

59 3631 258 3702 Pritzschius
281 3633 495 3715 exemplaque
520 3634 799 3718 attulit,„quorum
822 3653 886 3698 uno
910 3631 1010 3713 (Dial.
1031 3637 1122 3696 mort.

60 3735 127 3818 XV,
140 3740 174 3817 43
191 3736 215 3817 l,
228 3738 266 3801 37
271 3738 301 3816 3,
315 3733 371 3816 33)
387 3729 463 3796 αότὸ
475 3756 537 3820 quo
554 3738 713 3802 referatur
724 3738 825 3801 multo
837 3737 942 3817 magis
952 3737 1123 3801 obscurum

62 3859 128 3906 esse
143 3843 252 3925 potest
263 3859 360 3922 quam
375 3838 438 3919 hic,
455 3840 512 3904 ubi
528 3846 639 3924 aperte
651 3838 686 3902 τὸ
699 3835 848 3921 ἄμορφον
861 3824 941 3900 εἶναι
953 3839 1121 3920 significat.

60 3938 107 4008 Ne
140 3942 200 4007 hoc
234 3941 366 4025 quidem
400 3944 466 4007 scio
501 3964 558 4009 our
585 3946 690 4028 oap.3
720 3944 896 4009 orationem
928 3944 1057 4026 planam
1090 3948 1124 4007 et

61 4045 259 4129 perspicuam
282 4045 505 4111 immutaverit
527 4043 546 4108 o‘
568 4041 629 4124 μὲν
651 4041 738 4107 ταῦτ’
760 4039 801 4106 ἂν
824 4042 918 4122 εἴποι,
936 4041 1018 4127 πρός
1040 4065 1074 4125 γε
1088 4041 1122 4107 τό

63 4141 281 4231 εὐφημότατον
296 4143 508 4231 ἐξηγούμενος
522 4145 556 4210 τό
574 4146 754 4232 εἷρημὲνου,
771 4147 912 4213 scribens
929 4146 947 4210 ὁ
961 4143 1022 4228 μὲν
1036 4144 1123 4209 ταῦτ’

128 4369 147 4435 ¹)
166 4370 197 4423 In
215 4371 379 4423 Fleckeiseni
396 4372 534 4424 annalibus
552 4372 601 4424 vol.
617 4369 664 4423 127
683 4369 772 4436 (1883)
785 4386 843 4438 pag.
858 4369 914 4422 128.
