3036 5002
645 448 879 513 -103—

230 638 288 702 aut
309 636 343 701 in
361 633 520 719 Apologia
535 631 619 718 (cap.
638 637 692 716 11;
715 635 753 718 ΙΙ,
771 637 842 716 146,
859 633 916 717 25)
932 628 1075 720 εδρήσεις
1096 630 1155 717 γδρ
1176 629 1211 695 τδ
1232 633 1296 696 τῶν

229 739 390 819 μουσικῶν
412 735 451 822 δη
474 736 577 814 τοῦτο,
600 733 646 807 δλς
669 735 719 800 διά
738 739 853 801 πασῶν
868 735 903 800 τὸ
918 739 1060 821 πρᾶγμα,
1081 734 1133 799 καὶ
1147 738 1296 801 τοσοῦτον

229 837 370 912 ἐοικότας
403 834 553 925 ἀλληλοις
585 836 658 910 τοδς
690 841 780 922 βίους
809 836 886 904 ὅσον
914 837 1067 922 μόλιβδος
1094 834 1218 924 ἀργύρῳ
1244 836 1297 901 καλ

227 940 345 1024 χαλκὸς
373 944 480 1026 χρυσῶ
509 939 561 1003 καλ
591 938 733 1029 ἀνεμόνη
760 941 843 1028 ῥόδῳ
869 941 922 1005 καὶ
947 939 1115 1027 ἀνθρῶπῳ
1142 944 1293 1029 πίθηκος.

229 1047 344 1132 Neque
378 1048 521 1132 profecto
556 1045 693 1113 dixisset
726 1049 758 1113 in
787 1047 973 1114 Alexandro
1002 1046 1086 1131 (cap.
1114 1049 1148 1128 43
1172 1047 1211 1128 ll,
1238 1045 1295 1128 72)
1340 1123 1342 1128 q

227 1147 394 1228 ἀλεξίκακε
425 1145 589 1232 Ἡράκλεις
620 1146 672 1211 καὶ
698 1152 764 1214 Ζεῦ
797 1146 997 1232 ἀποτρόπαιε
1029 1147 1081 1212 καλ
1106 1144 1296 1231 Διόσκουροι

228 1255 378 1339 σωτῆρες,
405 1253 433 1320 si
455 1253 553 1318 huius
576 1253 704 1334 generis
727 1254 997 1320 exclamationum
1021 1254 1087 1320 uim
1109 1257 1196 1320 recte
1221 1275 1294 1320 sen-

228 1359 334 1425 sisset.
837 1423 839 1427 ,

312 1459 386 1528 Non
410 1479 490 1543 opus
513 1463 562 1526 est
583 1460 679 1545 plura
701 1461 851 1545 exempla
873 1480 1047 1542 congerere
1077 1460 1110 1524 in
1134 1480 1174 1526 ea
1196 1479 1230 1524 re
1252 1459 1294 1527 de

228 1584 291 1648 qua
318 1564 451 1648 quaevis
474 1563 591 1646 pagina
614 1563 776 1630 uolentem
804 1565 919 1630 docere
946 1566 1063 1646 potest,
1098 1583 1294 1647 quamquam

227 1654 468 1734 concedendum
497 1670 546 1731 est
573 1687 638 1732 non
666 1667 698 1732 in
728 1667 877 1733 omnibus
905 1667 1035 1750 scriptis
1059 1665 1197 1732 eundem
1220 1666 1294 1731 vitii

226 1771 361 1854 gradum
386 1789 550 1854 apparere.
589 1769 695 1836 Redeo
720 1770 760 1835 ad
783 1769 1023 1850 Prometheum,
1050 1769 1083 1834 in
1107 1787 1170 1852 quo
1193 1790 1293 1834 unum

226 1874 324 1940 huius
355 1873 402 1938 rei
434 1872 619 1956 exemplum
654 1878 727 1956 post
755 1873 835 1938 alios
862 1873 894 1937 in
922 1872 1139 1957 suspicionem
1166 1873 1294 1938 vocavit

226 1974 520 2044 Sommerbrodtius
543 1973 626 2060 (cap.
645 1978 678 2056 63
701 1976 739 2057 ll,
761 1978 811 2057 20,
833 1974 867 2056 6)
891 1969 970 2037 ῶστε
991 1970 1025 2036 τδ
1048 1973 1111 2036 τῶν
1132 1975 1294 2054 μουσικῶν

225 2081 313 2142 τοῦτο
330 2076 376 2148 δλς
392 2074 443 2140 διὰ
459 2081 573 2141 πασῶν
588 2061 669 2141 εἶναι
683 2076 741 2163 την
756 2074 925 2161 ἀρμονίαν,
944 2073 968 2140 ἀ
971 2073 1018 2139 πδ
1034 2078 1097 2139 τοῦ
1111 2070 1292 2154 ὀξυτάτου

226 2181 263 2252 ἐς
284 2178 322 2244 τδ
347 2176 566 2264 βαρύτατον.
605 2181 736 2248 Ultimis
756 2183 865 2249 verbis
884 2202 961 2248 sane
986 2202 1093 2249 carere
1108 2201 1292 2266 pessumae,

225 2305 330 2370 neque
364 2291 473 2352 tamen
507 2287 612 2367 magis
645 2285 775 2351 inutilia
808 2289 885 2351 sunt
918 2305 1015 2369 quam
1042 2305 1124 2369 qnae
1146 2285 1292 2371 proxime

226 2388 433 2473 praecedunt,
453 2382 520 2469 ἄρτι
535 2383 596 2467 μὲν
611 2384 861 2470 ἀεροβατοῦντας
876 2385 1062 2453 δεικνύουσα
1076 2385 1129 2450 καὶ
1143 2388 1294 2470 νεφέλαις

227 2487 387 2569 ξυνόντας,
420 2485 489 2573 ἄρτι
521 2487 557 2554 δὲ
592 2490 726 2575 ψυλλῶν
759 2476 933 2576 πηδήματα
961 2492 1213 2574 διαμετροῦντας,
1246 2489 1293 2562 ῶς

228 2595 346 2680 δῆθεν
379 2590 419 2655 toi
454 2590 561 2676 ἀέρια
594 2594 982 2675 λεπτολογουμένους,
1015 2596 1048 2659 in
1083 2594 1200 2678 quibus
1228 2614 1292 2659 non

228 2700 350 2765 minore
374 2703 431 2763 aut
452 2699 574 2764 maiore
598 2699 668 2765 iure
689 2698 797 2765 haesit
811 2700 861 2764 vir
876 2698 989 2764 doctus
1006 2696 1157 2777 Batavus,
1180 2718 1220 2763 ne
1237 2697 1292 2764 ille

228 2802 357 2887 quidem
400 2801 577 2885 quidquam
618 2802 657 2868 de
695 2802 838 2868 eiusdem
877 2801 1036 2867 ubertatis
1072 2799 1106 2864 in
1144 2801 1291 2884 proxime

227 2906 435 2989 sequentibus
474 2907 622 2991 exemplo
664 2925 796 2972 monens
809 2903 844 2986 ¹).
907 2904 1054 2970 Priorum
1097 2903 1290 2971 sententiam

227 3014 356 3076 secutus
369 3011 419 3074 est
434 3007 538 3075 editor
552 3009 651 3075 etiam
668 3009 816 3093 capitol,
832 3008 1021 3091 μετέστησεν
1033 3001 1112 3069 αὐτοὶ
1124 3007 1292 3089 (dicuntur

227 3111 369 3178 camelus
403 3116 435 3177 et
467 3111 561 3177 homo
588 3110 725 3193 bicolor)
752 3108 804 3172 καὶ
829 3106 883 3173 τόν
910 3105 1088 3191 ἄνθρωπον
1116 3105 1218 3173 ου’κέτι
1240 3106 1292 3172 διά

226 3217 315 3300 τιμῆς
348 3196 425 3301 ἦγεν
458 3212 502 3284 ῶς
534 3212 597 3296 πρδ
624 3216 690 3293 τοῦ,
724 3209 797 3276 ἀλλ’
824 3236 843 3297 η
872 3209 934 3293 μὲν
956 3206 1101 3297 κάμηλος
1124 3209 1291 3278 ἀπέθανεν

226 3316 441 3402 ἀμελουμένη,
460 3315 514 3381 τόν
533 3313 712 3400 ἄνθρωπον
728 3313 764 3379 δὲ
778 3312 831 3378 τόν
848 3313 948 3379 διττόν
964 3315 1100 3379 Θέσπιδι
1114 3318 1159 3401 τῶ
1173 3312 1291 3402 αὐλητῇ

226 3419 406 3507 ἐδωρήσατο
429 3421 533 3492 καλῶς
556 3417 726 3506 αὐλήσαντι
733 3417 760 3502 2)
776 3416 864 3502 παραὶ
880 3416 934 3483 τόν
949 3415 1060 3499 πότον,
1083 3419 1192 3486 delens
1209 3420 1291 3487 illud

225 3524 278 3590 τδν
305 3521 495 3606 ἄνθρωπον.
540 3523 612 3590 Non
640 3524 737 3589 nimis
765 3524 934 3606 diligenter
959 3544 1028 3589 rem
1056 3524 1199 3589 narravit
1225 3523 1291 3589 Lu-

225 3632 348 3710 cienus
371 3648 475 3712 neque
496 3632 606 3693 tamen
629 3614 853 3709 neglegentius
876 3647 972 3710 quam
995 3627 1060 3692 alia
1085 3624 1183 3707 (solet
1204 3629 1290 3693 enim

225 3735 256 3799 in
283 3734 381 3799 huius
408 3732 535 3813 generis
561 3730 811 3796 narratiunculis
843 3734 966 3812 gratam
994 3729 1156 3815 quandam
1183 3731 1290 3810 negle-

225 3839 365 3921 gentiam
395 3832 571 3915 affectare),
605 3853 801 3917 quamquam
829 3832 977 3916 exempla
1003 3853 1136 3917 prorsus
1162 3835 1291 3916 gemina

226 3942 258 4005 in
280 3939 402 4005 talibus
426 3937 533 4003 afferri
554 3957 617 4002 non
639 3941 785 4021 possunt,
808 3957 913 4021 neque
936 3937 1076 4020 proiecto
1099 3938 1132 4002 in
1154 3937 1290 4004 obscuro

295 4108 313 4176 ¹)
333 4111 364 4162 R.
377 4109 408 4161 G.
422 4109 450 4161 P.
463 4108 591 4161 Schwartz
610 4110 638 4160 in
651 4111 834 4174 Mnemosynae
847 4110 978 4161 volumine
988 4108 1023 4173 X,
1036 4123 1096 4175 pag.
1109 4106 1168 4160 248.
1195 4109 1290 4162 Postea

226 4201 310 4248 muron
328 4195 436 4247 alterum
457 4196 534 4246 etiam
552 4196 636 4248 locum
656 4199 756 4246 mutare
774 4194 856 4246 voluit
875 4193 1054 4260 (Mnemosyne
1072 4193 1146 4261 Xlll,
1164 4209 1224 4262 pag.
1236 4193 1289 4260 87).

292 4279 312 4346 δ)
331 4277 474 4342 Αυλήσοντί
488 4279 553 4343 <οἱ>
587 4281 736 4334 coniectura
762 4297 815 4333 non
841 4281 936 4333 inscita
962 4297 1046 4350 neque
1073 4284 1160 4334 tamen
1178 4284 1208 4334 ut
1227 4282 1290 4335 mihi

225 4367 324 4421 videtur
341 4367 489 4420 necessaria
506 4368 644 4434 proposuit
661 4367 729 4419 idem
748 4367 929 4419 Schwartzius
