3036 5002
653 469 865 532 ..59-.

314 653 511 720 Comeetoris
534 655 630 720 huius
652 656 871 723 adnotationes
896 677 957 721 non
980 657 1081 722 multo
1098 658 1291 723 recentiores

227 779 300 825 esse
318 759 438 824 codicis
454 779 550 822 mann
567 760 672 841 prima
687 781 726 824 ex
743 761 815 844 ipsa
830 761 1010 825 litterarum
1028 762 1132 826 forma
1147 765 1290 844 apparet,

226 863 304 938 licet
337 867 442 927 autem
479 863 599 927 certius
633 864 730 927 etiam
768 866 800 928 et
834 865 904 928 eius
932 867 1068 928 aetatem
1100 863 1230 929 delinire
1259 868 1292 928 et

226 965 386 1030 hominem
421 966 527 1048 ipsum
562 987 733 1047 agnoscere
763 988 779 1031 e
808 966 1101 1051 subscriptionibus
1129 971 1202 1050 post
1228 989 1290 1033 non

225 1069 333 1134 nullos
378 1068 503 1134 libellos
548 1069 677 1148 additis,
723 1071 840 1153 quihus
886 1070 1025 1135 traditur
1070 1070 1289 1135 Alexandrum

227 1173 416 1257 episcopum
438 1171 577 1237 Nicaeae
600 1175 763 1256 exemplar
786 1175 963 1238 correxisse
987 1173 1084 1238 variis
1107 1173 1291 1239 hominibus

226 1275 455 1341 adiuvantibus
482 1277 502 1339 i.
528 1297 555 1340 e.
584 1281 695 1341 contra
721 1277 915 1358 legentibus,
942 1276 1001 1340 hac
1027 1277 1092 1341 fere
1119 1277 1234 1341 forma:
1263 1279 1292 1364 5¹

226 1377 263 1460 (i.
284 1400 310 1444 e.
334 1373 520 1459 διώρθασα)
528 1377 553 1458 ¹)
580 1376 640 1458 ἐγώ
665 1376 861 1460 Ἀλέξανδρος
883 1370 1059 1448 ἐπίσκοπος
1081 1377 1215 1447 Νικαίας
1236 1380 1292 1463 τῆς

226 1478 304 1542 nard
331 1480 492 1543 Βιθυνίαν
525 1480 604 1560 praed
637 1485 691 1544 aod
725 1481 843 1544 οἷκείοο
878 1479 1022 1562 αδελφοί
1056 1476 1203 1563 Ἰακώβου
1236 1485 1291 1543 τοῦ

226 1584 461 1670 μητροπολίιου
499 1586 666 1668 Λαρίσσης
703 1591 760 1651 aaut
797 1586 954 1651 similiter.
1015 1586 1200 1651 Alexander
1237 1586 1290 1651 ille

225 1688 365 1756 Nicaeae
388 1690 559 1772 episeopus
584 1689 725 1755 dubitari
749 1711 810 1754 non
834 1693 941 1772 potest
956 1691 1033 1772 quin
1050 1690 1093 1753 sit
1108 1690 1292 1755 Alexander

225 1792 367 1858 Nicaeae
412 1793 624 1877 metropolita,
670 1814 763 1876 quem
809 1793 888 1857 artis
925 1792 1105 1858 rhetoricae
1141 1793 1174 1856 in
1212 1792 1290 1857 urbe

226 1894 505 1979 Constantinopoli
546 1897 737 1977 magistrum
775 1897 814 1961 ab
853 1897 1045 1979 imperatore
1083 1893 1290 1960 Constantino

225 1999 530 2082 Porphyrogenneto
558 2001 767 2064 constitutum
797 2020 866 2064 esse
893 1998 993 2063 tradit
1020 1998 1109 2062 illius
1132 1999 1290 2080 laudator,

225 2105 282 2187 qui
311 2104 382 2167 eius
409 2103 502 2168 iussu
529 2102 732 2186 Theophanis
760 2102 907 2167 chronica
932 2103 1131 2166 continuavit
1157 2100 1225 2181 (Vl,
1251 2104 1290 2166 14

225 2226 299 2290 pag.
323 2208 385 2270 446
411 2205 458 2270 ed.
481 2204 609 2286 Beth).
656 2205 747 2281 Quod
770 2207 889 2271 factum
914 2225 1070 2269 essenon
1093 2205 1195 2270 multe
1218 2210 1292 2289 post

226 2330 345 2374 annium
375 2311 448 2389 945,
483 2328 544 2391 quo
569 2308 798 2375 Constantinus
833 2310 919 2374 solus
946 2329 1079 2390 regnum
1107 2310 1291 2392 capessivit,

225 2416 259 2478 et
284 2432 342 2497 per
369 2434 402 2477 se
431 2413 595 2496 probabile
629 2418 677 2478 est
711 2418 744 2478 et
772 2434 811 2478 ex
835 2412 946 2477 ordine
971 2431 1033 2494 qno
1057 2413 1182 2494 singula
1204 2412 1291 2496 apud

226 2515 415 2599 scriptorem
457 2517 548 2580 illum
587 2521 757 2581 narrantur
793 2517 921 2581 videtur
958 2535 1123 2601 apparere.
1183 2515 1289 2581 Medio

226 2620 329 2700 igitur
350 2621 416 2685 fere
441 2620 569 2684 saeculo
593 2619 716 2684 decimo
740 2619 923 2685 Alexander
946 2618 1131 2700 corrigendo
1154 2617 1289 2685 Luciani

227 2724 405 2807 exemplari
439 2744 570 2807 operam
600 2723 706 2787 dabat.
751 2722 1010 2805 Subscriptiones
1042 2723 1130 2806 ipsas
1162 2721 1289 2787 tradere

225 2829 442 2891 necessarium
477 2848 540 2891 non
574 2826 710 2904 videtur,
745 2847 818 2890 cnm
848 2846 959 2889 omnes
985 2826 1061 2904 fere,
1095 2843 1288 2906 quamquam
1360 2813 1361 2816 ¹

226 2930 373 2994 consulto
397 2931 597 3013 aliquantum
621 2934 764 2995 mutatae
787 2935 820 2994 et
841 2930 980 2994 flosculis
1004 2928 1172 2993 rhetoricis
1195 2948 1288 2993 exor-

224 3036 333 3112 natae,
372 3033 458 3098 idem
494 3037 602 3098 tamen
635 3034 667 3097 in
703 3055 828 3098 summa
861 3054 894 3098 re
929 3027 1079 3112 dicantl),
1117 3031 1174 3096 sed
1207 3030 1288 3096 illud

300 3285 317 3350 ¹)
336 3287 373 3338 De
396 3288 444 3339 hoe
468 3289 542 3354 signo
567 3305 612 3354 pro
637 3285 683 3337 dai
702 3290 805 3355 saepius
824 3293 948 3354 usurpato
968 3287 1112 3353 disputavit
1129 3287 1243 3337 Dielsius
1261 3287 1289 3338 in

227 3441 337 3492 Hermae
355 3442 404 3493 vol.
418 3442 482 3492 Xlll
498 3457 555 3508 pag.
569 3443 593 3506 8,
612 3443 642 3493 de
656 3444 748 3494 litteris
762 3379 819 3492 Aah
833 3444 912 3494 semel
926 3438 1068 3507 διώρθοσα
1081 3440 1288 3508 significantibus

228 3527 335 3578 Carolus
355 3527 441 3579 Graux
461 3527 559 3589 (Revuo
577 3530 608 3580 de
626 3529 767 3595 philologio
788 3528 852 3580 1877
875 3543 935 3594 pag.
947 3525 1007 3591 207)
1031 3530 1056 3577 et
1075 3527 1288 3579 Gardthausenus

228 3611 405 3677 (Grieehische
424 3615 625 3681 Palaeographie
643 3631 701 3682 pag.
715 3614 784 3679 374).

298 3697 317 3763 ²¹)
336 3700 509 3751 Tradiderunt
532 3701 563 3751 de
585 3701 617 3751 iis
640 3703 785 3753 Massonius
810 3706 836 3752 et
857 3698 974 3761 LossiuS,
998 3713 1107 3764 quorum
1131 3698 1288 3750 testimoniis

228 3789 330 3851 praeter
348 3786 413 3837 alios
432 3802 495 3836 usus
515 3787 721 3839 estlacobitzins
740 3787 767 3836 in
786 3785 899 3836 editione
917 3784 1013 3834 maiore
1026 3784 1036 3834 l
1049 3798 1107 3849 pag.
1120 3784 1224 3849 XXXl,
1242 3785 1288 3836 sed

229 3870 366 3922 admodum
392 3873 457 3922 male
485 3873 586 3924 habitas
608 3889 660 3924 non
682 3876 751 3923 recte
769 3872 888 3936 legerunt
910 3873 956 3920 aut
978 3869 1168 3921 intellexerunt.
1204 3871 1288 3923 Unam

228 3957 326 4008 tradam
347 3959 499 4021 accuratius,
526 3960 587 4024 qnia
613 3959 686 4009 utilis
710 3957 819 4009 fortasse
844 3971 900 4007 esse
924 3955 1019 4021 poterit
1042 3955 1075 4006 iis
1099 3957 1143 4022 qui
1166 3957 1193 4008 in
1216 3957 1287 4008 illius

228 4043 320 4094 aetatis
343 4059 384 4094 res
406 4046 492 4108 gestas
514 4044 657 4110 inquirant.
694 4043 820 4095 Scribitur
838 4042 934 4093 codicis
952 4041 997 4092 fol.
1012 4037 1077 4091 laur
1094 4046 1155 4107 post
1172 4042 1287 4095 libellum

228 4128 359 4180 Adversus
381 4129 512 4180 indoctum
533 4129 554 4204 ‘A
572 4124 622 4195 ἐμοὶ
632 4125 800 4194 Ἀλέξανδρος
813 4122 951 4180 ἐπίσκοπος
963 4124 1071 4180 Νικαίας
1082 4127 1123 4190 τῆς
1135 4121 1163 4178 ἐν
1177 4125 1288 4194 Βιθυνία

227 4217 294 4290 μετὰ
313 4218 435 4287 Ἰακώβου
457 4221 500 4272 τοῦ
523 4221 665 4290 ὄμοψίχοο
689 4219 810 4289 ἀδελφοῦ
832 4220 877 4271 καὶ
898 4220 964 4291 μετὰ
987 4221 1098 4288 Δαρείου
1121 4221 1163 4272 τοῦ
1185 4222 1288 4289 πρῶτον

228 4303 295 4374 μετὰ
313 4305 355 4372 τὴν
373 4304 542 4375 καταδρομὴν
559 4309 609 4358 τῶν
624 4308 779 4375 Βοολγαρῶν
797 4305 873 4364 ἰδίοις
891 4305 969 4373 αὐτὴν
987 4304 1160 4375 ἀναλώμασιν
1176 4302 1287 4370 ἀναστή-

229 4406 319 4449 σαντας
342 4391 386 4445 καὶ
404 4391 505 4459 κόσμον
523 4389 584 4463 αὐτῇ
602 4411 626 4444 τε
644 4393 688 4445 καὶ
706 4399 755 4448 τοῖς
773 4392 885 4462 κτήμασι
903 4392 991 4450 δόντος
1009 4393 1124 4444 πλείονα.
1161 4395 1287 4460 Balgaros
