3036 5002
655 462 866 525 ..39-

317 645 448 712 Accede
477 645 540 709 iarn
571 644 611 710 ad
638 649 855 731 quaestionem
884 647 922 713 de
949 648 1082 713 rationis
1106 647 1235 711 criticae
1258 630 1292 710 in

231 748 369 830 singulis
402 747 536 814 Luciuni
573 748 692 834 libeliis
725 750 933 816 fundamento
966 751 1018 815 hic
1052 750 1181 833 quidem
1219 749 1291 814 bre-

231 852 362 917 vissime
396 850 608 931 tractandam,
642 872 734 935 quarn
771 854 974 937 aliquatenus
1006 853 1143 936 pendere
1176 852 1216 917 ab
1250 852 1291 916 iis

232 975 314 1039 quac
339 953 378 1020 de
400 973 530 1038 corpore
552 953 707 1019 librorum
728 954 960 1021 Lucianeorum
987 956 1153 1021 observavi
1178 958 1290 1038 sponte

233 1061 376 1142 apparet.
414 1056 558 1140 uPrimae
596 1061 627 1122 et
664 1061 797 1141 quartae
831 1059 943 1141 partis,
982 1059 1020 1123 de
1054 1059 1172 1141 quibus
1208 1058 1292 1122 infra

235 1161 415 1225 accuratius
437 1179 540 1240 agam,
563 1159 672 1225 eadem
696 1162 761 1225 iere
787 1164 836 1226 est
855 1160 1011 1241 condicio,
1035 1181 1106 1225 cum
1123 1161 1291 1244 utriusque

235 1262 296 1328 duo
319 1263 519 1328 recensiones
542 1268 686 1328 servatae
709 1265 787 1343 siut3
811 1264 909 1346 probe
932 1269 1038 1329 autem
1059 1263 1098 1328 ab
1115 1264 1155 1340 iis
1171 1263 1291 1329 discer-

233 1365 337 1431 nenda
363 1370 441 1430 sunt
467 1385 548 1448 quae
571 1365 610 1430 de
633 1365 779 1449 partibus
808 1367 949 1431 secunda
976 1370 1009 1431 et
1034 1367 1130 1431 tertia
1152 1367 1291 1449 perspici

230 1473 375 1552 possunt.
433 1468 481 1532 Ac
517 1468 556 1533 de
591 1474 681 1552 parte
716 1468 741 1532 B
775 1468 905 1552 quidem
940 1469 1082 1534 iudicare
1118 1469 1290 1535 admodum

229 1571 358 1636 difficile
385 1574 446 1651 est,
481 1591 552 1635 curn
577 1570 617 1636 ad
640 1572 812 1656 plerosque
835 1572 960 1638 libellos
984 1572 1110 1638 codices
1134 1572 1290 1638 secundae

144 1750 146 1753 ¹
231 1672 344 1739 classis
366 1694 429 1738 non
454 1674 561 1738 collati
585 1674 649 1738 sint
671 1675 732 1739 nisi
750 1675 891 1756 pessimi.
927 1676 1074 1760 Apparet
1096 1681 1203 1740 tamen
1226 1696 1290 1739 non

232 1776 367 1841 multum
399 1777 555 1841 interesse
588 1776 672 1841 inter
699 1778 866 1860 utriusque
889 1778 1002 1844 classis
1024 1779 1224 1857 memoriam,
1259 1781 1291 1842 et

234 1878 360 1944 videtur
381 1879 522 1945 secunda
544 1878 668 1944 familia
690 1880 794 1963 priore
817 1881 849 1944 in
868 1881 964 1946 huius
980 1881 1081 1965 partis
1097 1878 1188 1968 libris
1205 1884 1289 1945 certe

232 2001 294 2047 non
316 1981 456 2047 deterior
478 2002 559 2047 esse.
605 1982 717 2065 Neque
742 1983 869 2048 diversa
898 1987 948 2049 est
975 1985 1054 2048 ratio
1077 1981 1215 2064 Nigrini,
1249 1982 1290 2047 ad

232 2105 325 2168 quem
357 2105 456 2150 unum
493 2089 666 2169 apparatus
694 2087 772 2152 satis
798 2087 926 2176 amplus
953 2087 1017 2150 iarn
1041 2090 1215 2167 congestus·
1231 2089 1288 2151 est.

232 2187 337 2253 Unum
360 2193 466 2254 autem
491 2189 523 2252 in
540 2188 599 2252 hoc
616 2187 723 2254 libello
741 2191 879 2255 maxime
895 2194 944 2255 est
959 2188 1288 2270 animadvertendum,

229 2291 315 2375 quod
348 2291 387 2357 de
423 2290 563 2357 secunda
590 2293 708 2357 codicis
732 2294 762 2353 Γ
787 2313 893 2371 manu,
928 2292 966 2381 de
991 2312 1054 2375 qua
1080 2294 1163 2357 infra
1183 2293 1289 2358 fusius

228 2393 307 2458 mihi
324 2393 483 2476 agendum
501 2395 573 2475 crit,
597 2395 745 2459 truditur.
785 2393 861 2479 Cap.
880 2398 918 2459 27
937 2394 985 2476 (ΙΙ,
1004 2396 1076 2475 307,
1092 2395 1126 2475 8)
1141 2399 1290 2460 narratur

228 2495 383 2578 Nigrinus
409 2517 470 2561 non
498 2498 650 2579 probasse
674 2498 937 2582 philosophorum
961 2518 1093 2579 morem,
1123 2499 1178 2582 qui
1200 2499 1289 2564 labo-

227 2598 318 2664 ribus
352 2604 386 2665 et
418 2601 574 2683 patientia
607 2602 761 2665 iuvenum
797 2620 929 2684 corpora
956 2621 1105 2665 exercere
1134 2600 1288 2680 solebant,

227 2703 315 2763 τοῦτο
343 2697 404 2782 μὲν
430 2699 468 2764 ού
496 2703 562 2766 δεῖν
591 2703 622 2765 oi
645 2700 757 2765 πολλοὶ
779 2698 970 2780 κελεύοντες,
1004 2698 1094 2765 ἄλλον
1121 2699 1156 2765 δὲ
1181 2719 1288 2782 μασνα-

229 2806 362 2884 γούντες,
384 2804 416 2867 oi
438 2802 473 2868 δὲ
495 2809 687 2890 χαριέστεροι
708 2803 759 2866 καὶ
778 2802 895 2890 σιδήρῳ
911 2803 965 2874 νας
980 2801 1170 2886 ἐπιφανείας
1186 2802 1289 2869 αὐτῶν

229 2901 440 2987 καταξύοντες.
479 2910 513 2974 ln
536 2912 587 2975 his
609 2911 685 2975 ferri
709 2929 770 2974 non
793 2929 886 2993 posse
911 2904 948 2970 ού
964 2909 1040 2986 δεῖν,
1063 2910 1148 2992 quod
1164 2910 1287 2975 codices

230 3013 397 3097 utriusque
421 3012 532 3079 classis
548 3013 696 3079 meliores
712 3012 832 3078 habent
848 3032 968 3093 omnes,
993 3017 1135 3096 apparet.
1173 3012 1287 3078 Libra-

229 3116 295 3181 rius
317 3117 437 3182 codicis
459 3116 604 3182 Vaticani
630 3119 668 3181 87
693 3136 780 3181 more
803 3136 860 3181 suo
883 3117 1086 3198 negationem
1109 3115 1228 3181 delevit
1249 3121 1287 3181 ut

228 3219 447 3285 difficultatem
482 3220 651 3301 minueret,
691 3219 872 3300 Madvigius
911 3220 951 3284 ad
985 3221 1177 3284 sententiam
1212 3222 1285 3302 apte

227 3323 363 3388 coniecit
398 3317 568 3406 νηστεύειν.
614 3323 648 3387 in
683 3322 791 3387 codice
819 3324 848 3383 Γ
879 3326 986 3387 antem
1020 3323 1143 3387 invenit
1169 3321 1286 3388 Stude-

227 3426 378 3491 mundius
401 3445 420 3489 a
442 3429 619 3491 correctore
641 3427 673 3490 in
697 3427 839 3507 margine
857 3425 1043 3490 adnotatum
1061 3421 1284 3510 αννννοδηνῐνῑ)

225 3683 334 3735 Luciani
353 3684 494 3736 orationem
513 3685 633 3736 admirari
652 3683 779 3749 solebant,
803 3699 887 3749 nequo
904 3684 987 3748 video,
1006 3699 1051 3734 cur
1068 3683 1113 3734 illa
1130 3686 1215 3734 aetate
1232 3698 1285 3750 non

225 3770 340 3835 potuerit
363 3769 440 3821 homo
459 3769 550 3821 doctus
569 3775 682 3821 veterum
702 3769 782 3821 libros
801 3774 905 3821 secutus
925 3769 1014 3835 Cynici
1034 3768 1172 3834 imaginem
1191 3768 1286 3822 descri-

226 3855 293 3919 bere,
313 3870 466 3921 quamquam
485 3871 518 3906 ne
537 3856 584 3906 hoc
603 3855 706 3922 quidem
725 3864 793 3908 recte
811 3856 901 3923 negari
913 3856 997 3920 potest
1010 3854 1091 3904 multo
1106 3858 1164 3916 post
1176 3852 1285 3904 Luciaui

224 3944 335 3992 aetatem
362 3940 479 3992 extitisse
508 3942 550 4007 qui
571 3941 682 4007 Cynicae
709 3943 776 3994 vitae
804 3944 941 4009 praecepta
968 3940 1017 4004 ipsi
1042 3942 1211 4004 sequerentur
1228 3938 1284 4002 (cfr.

225 4026 319 4078 Zellori
337 4026 470 4078 historiam
490 4027 670 4093 philosophiae
689 4043 794 4092 graecae
813 4029 857 4090 ΙΙΙ,
873 4027 897 4092 l3
915 4040 973 4092 pag.
987 4022 1055 4087 775).

297 4109 315 4176 ¹)
335 4112 403 4163 Mero
430 4127 514 4164 errore
540 4113 642 4164 videtur
669 4112 764 4164 iactum
792 4129 849 4165 esse
875 4117 904 4164 ut
931 4106 1084 4172 ἆννποὸηῖν
1107 4107 1166 4174 (sic)
1190 4109 1285 4175 legisse

225 4195 444 4269 Studemundium
463 4198 574 4250 traderet
593 4198 827 4250 Sommerbrodtius
846 4200 874 4250 in
892 4197 1030 4261 Lucianeis
1049 4210 1107 4262 pag.
1123 4192 1178 4245 132.
1210 4194 1284 4266 ¹Certe

224 4283 272 4335 hoc
299 4290 357 4335 non'
380 4284 509 4335 consentit
536 4300 592 4343 cum
616 4285 648 4335 iis
668 4287 776 4350 quacet
795 4285 850 4351 ipso
869 4285 1022 4350 inutraque
1042 4281 1155 4336 editione
1174 4281 1240 4336 dixit
1259 4285 1284 4336 et

223 4367 392 4421 Fritnschius
