3036 5002
654 457 868 520 -13-

229 646 349 711 tatione
376 641 459 725 (45),
494 642 655 725 Imagines
683 640 766 724 (43),
800 641 929 708 1155555
951 642 1096 708 laudatio
1130 639 1192 725 (7),
1225 641 1292 708 De-

228 768 344 813 monax
367 744 429 828 (9),
452 745 512 811 Pro
536 746 732 828 imaginibus
752 745 835 828 (50),
858 747 999 813 Deorum
1024 746 1194 812 concilium
1210 744 1291 827 (52).

228 851 331 917 Multa
353 850 405 914 hic
429 849 549 914 omissa
571 852 647 913 sunt
667 869 707 913 ex
722 850 763 914 115
779 868 861 932 5555
876 852 906 910 Γ
919 851 1060 930 exhibet,
1083 849 1148 914 alia
1162 848 1292 914 aliunde

229 957 408 1037 assumpta,
441 970 522 1035 quae
558 971 599 1016 ex
632 951 692 1016 hao
725 951 796 1035 ipsa
823 973 857 1017 re
886 973 924 1018 55
947 972 1009 1036 555
1032 954 1065 1017 15
1090 953 1120 1012 Γ
1139 951 1293 1034 leguntur

230 1057 299 1122 loco
332 1056 366 1121 15
401 1054 508 1120 codice
536 1057 566 1116 Φ
600 1054 722 1138 scripta
748 1076 812 1120 non
839 1056 937 1122 fuisse
964 1059 1109 1142 apparet.
1160 1053 1294 1120 Constat

230 1160 330 1241 igitur
353 1158 494 1225 codicem
518 1160 548 1219 Φ
569 1156 729 1240 Imagines
752 1178 789 1223 55
812 1158 882 1224 1555
905 1178 969 1242 555
992 1161 1104 1224 extant
1125 1158 1159 1222 in
1180 1159 1210 1218 P
1229 1177 1293 1223 non

231 1264 338 1327 minus
361 1261 507 1326 omisisse
530 1279 625 1344 quarn
649 1260 858 1342 Marcianum,
886 1263 1034 1328 omisisse
1062 1265 1171 1325 autem
1194 1261 1291 1326 etiam

231 1385 300 1430 eam
324 1367 460 1449 partem,
485 1364 518 1428 in
535 1382 599 1446 qua
613 1363 716 1428 libelli
731 1363 843 1429 Musca
862 1369 894 1430 et
911 1364 1075 1430 Demonax
1098 1364 1132 1428 in
1153 1367 1291 1447 utroque

229 1468 337 1533 codice
370 1465 541 1551 perscripti
576 1469 676 1531 erant.
725 1467 879 1552 Reliquae
913 1468 1032 1534 codicis
1060 1468 1162 1552 partis
1189 1487 1293 1551 pauca

229 1574 405 1656 supersunt
425 1570 616 1651 fragmenta,
645 1589 661 1634 5
685 1569 804 1653 551155
827 1570 1077 1636 Demosthenem
1100 1569 1173 1653 (58)
1199 1572 1291 1636 utin

228 1676 258 1735 P
278 1677 353 1758 post
371 1671 522 1738 Toxarim
546 1669 618 1752 (57)
641 1672 797 1756 scripturn
819 1675 920 1740 fuisse
943 1678 1086 1759 apparet,
1113 1695 1154 1740 ex
1176 1674 1291 1740 ultimo

231 1777 450 1860 quaternione,
484 1775 540 1856 551
568 1774 652 1840 55155
679 1779 876 1842 mortuorum
902 1777 1044 1859 dialogos
1066 1776 1292 1842 XV-XXVII

231 1899 267 1944 eo
290 1899 352 1963 quo
375 1879 408 1943 in
429 1877 555 1943 familia
576 1878 683 1961 priore
706 1879 819 1964 scripti
836 1883 1058 1945 5551515555
1075 1880 1171 1945 scribi
1188 1880 1292 1946 solent

231 1982 340 2047 ordine
364 1983 516 2060 continet,
544 1979 584 2045 (15
606 1980 789 2046 libellorum
812 1981 922 2047 551155
945 1982 1026 2047 51111
1048 1982 1211 2048 discimus.
1255 1981 1291 2047 In

231 2087 416 2152 universum
438 2085 539 2167 igitur
561 2084 627 2150 (1151
649 2089 767 2169 potest,
790 2084 931 2150 codicem
948 2088 978 2147 Φ
998 2085 1032 2149 15
1048 2105 1087 2150 55
1101 2090 1193 2169 parte
1210 2105 1292 2169 quac

229 2189 440 2255 celeberrima
472 2189 538 2253 fere
559 2186 693 2253 Luciani
727 2189 847 2272 scrIpta
880 2189 1021 2254 continet
1047 2187 1080 2252 in
1109 2209 1234 2254 summa
1256 2210 1290 2255 re

229 2313 302 2358 cum
325 2290 481 2357 Vaticano
510 2292 626 2366 facere,
653 2292 745 2358 initio
774 2297 882 2357 autem
910 2297 942 2357 et
969 2292 1001 2357 in
1028 2292 1145 2356 ultima
1171 2292 1292 2357 codicis

227 2400 318 2478 parte
341 2392 431 2475 (inde
455 2395 520 2459 fere
546 2393 586 2459 ab
608 2392 822 2475 Imaginibus)
845 2415 905 2459 non
933 2395 1015 2460 nihil
1041 2394 1080 2459 ab
1105 2414 1142 2460 55
1167 2394 1291 2461 (115555-

227 2498 298 2579 tire,
322 2497 419 2581 idque
441 2497 488 2562 ita
510 2501 547 2563 ut
572 2497 611 2563 (15
627 2498 791 2583 plerisque
814 2501 936 2562 certum
959 2496 1114 2562 iudicium
1138 2499 1205 2563 fieri
1228 2519 1290 2564 non

228 2601 341 2685 possit.

311 2701 420 2769 Codex
440 2701 635 2768 Harleianus
662 2704 746 2767 5694
769 2703 890 2768 saeculi
913 2702 1041 2782 decimi,
1064 2702 1103 2768 (15
1128 2723 1190 2787 555
1214 2725 1288 2787 ege·

227 2812 301 2871 runt
323 2805 546 2890 Thompsonus
569 2804 761 2887 (Catalogue
795 2807 829 2870 ol
859 2806 987 2870 ancient
1012 2806 1228 2889 manuscripts
1256 2807 1288 2871 in

228 2908 281 2974 the
303 2907 426 2974 British
442 2908 601 2989 Museum,
624 2908 732 2974 Parsl
754 2929 826 2993 pag.
846 2910 895 2986 15,
918 2906 984 2972 tab.
1002 2905 1057 2987 18)
1081 2916 1114 2973 51
1129 2907 1289 2975 115555155

228 3010 404 3094 (Melanges
428 3010 539 3077 Graux
561 3031 632 3095 pag.
650 3010 738 3092 759),
764 3011 848 3076 idem
879 3015 927 3077 est
950 3030 1022 3076 cum
1046 3009 1199 3078 Wittiano
1222 3013 1289 3078 sive

228 3114 389 3180 Marciano
413 3112 481 3195 (E),
510 3115 548 3179 (15
576 3134 638 3198 555
668 3115 742 3179 olim
767 3115 893 3180 rettulit
917 3112 1053 3180 Solanus
1077 3112 1179 3200 (apud
1202 3116 1289 3180 Iaco-

227 3218 358 3282 bitzium
374 3237 447 3301 pag.
461 3216 623 3296 XXVIII).
652 3217 724 3282 Non
742 3223 790 3283 est
805 3219 939 3299 integer,
964 3218 1058 3300 eique
1075 3219 1130 3302 qui
1147 3219 1288 3285 secundo

226 3321 294 3386 loco
310 3320 431 3402 legitur
446 3320 555 3385 libello
576 3319 771 3384 adscribitur
785 3341 938 3385 numerus
954 3325 981 3399 ξ,
1004 3323 1042 3385 51
1056 3321 1289 3405 quinquaginta

226 3426 295 3489 octo
321 3423 449 3490 libellos
478 3422 571 3513 initio
599 3421 718 3488 codicis
741 3423 878 3508 periisse
902 3428 1064 3508 appareat.
1110 3423 1224 3508 Neque
1248 3424 1287 3490 (15

224 3529 286 3592 155
322 3526 441 3592 codicis
476 3532 610 3606 constat,
645 3544 718 3590 cum
745 3527 880 3593 ultimus
910 3528 965 3611 551
993 3530 1082 3592 extat
1104 3527 1232 3593 libellus
1255 3529 1286 3593 in

225 3630 286 3695 155
319 3628 455 3695 schedae
490 3628 627 3694 desinat.
673 3629 721 3694 Ea
754 3650 836 3714 quae
871 3634 981 3695 extant
1008 3631 1087 3696 satis
1115 3629 1214 3695 habeo
1241 3631 1288 3696 ita

226 3733 405 3814 significare
427 3736 465 3797 ut
487 3751 543 3815 pro
568 3733 701 3815 singulis
726 3733 890 3817 opusculis
912 3753 1063 3799 numeros
1084 3753 1199 3816 ponam
1215 3735 1287 3817 qui-

227 3836 286 3901 bus
320 3855 416 3920 quern
451 3835 554 3899 locum
590 3836 700 3902 eadem
736 3838 769 3900 in
804 3835 911 3900 551155
942 3834 1097 3901 Vaticano
1132 3843 1288 3921 occupent

225 3937 395 4003 indicatur.
418 3937 567 4003 Continet
578 3954 684 4003 autem
698 3939 824 4004 libellos
835 3939 908 4004 hos:
926 3941 975 4003 64.
990 3940 1040 4002 65.
1054 3942 1104 4002 66.
1119 3941 1168 4002 67.
1183 3942 1232 4003 68.
1245 3976 1286 3984 -

226 4043 276 4106 59.
294 4042 391 4105 60.-
406 4043 456 4105 36.
474 4043 572 4105 37-
584 4045 635 4105 44.
652 4043 702 4106 45.
719 4045 770 4105 46.
787 4045 838 4106 47.
855 4043 906 4106 48.
923 4045 974 4106 49.
992 4044 1042 4106 50.
1060 4044 1158 4105 51-
1171 4043 1220 4106 70.
1235 4047 1285 4106 71.

226 4143 273 4207 115
293 4163 360 4208 rem
379 4144 483 4226 egisse
500 4143 628 4208 videtur
643 4144 806 4224 librarius,
829 4149 866 4209 51
881 4144 974 4209 modo
990 4144 1071 4208 hanc
1088 4145 1181 4208 modo
1197 4144 1284 4209 illam

226 4245 393 4332 archetypi
421 4252 544 4330 partem
571 4246 781 4326 describerct3
815 4249 952 4328 singulis
986 4255 1094 4311 autem
1128 4248 1285 4331 partibus,

226 4367 306 4432 quae
340 4348 470 4432 quidem
504 4353 625 4430 extant,
662 4349 797 4414 eundem
834 4351 888 4432 qui
925 4351 958 4414 in
992 4351 1022 4410 Γ
1056 4354 1107 4415 551
1140 4350 1285 4416 ordinem
