3036 5002
661 466 871 529 ...31-

321 653 474 735 Dialogos
508 651 647 718 minores
681 673 790 718 omnes
818 673 888 718 esse
916 653 1019 736 ipsius
1041 651 1176 718 Luoiani
1202 673 1297 720 nemo

234 776 318 822 nuno
345 756 485 822 dubitat.
535 755 654 822 Contra
680 756 711 820 in
741 755 998 839 quattuordecim
1025 755 1117 821 libris
1143 758 1198 840 qui
1225 777 1298 841 par-

234 864 302 926 tem
324 859 351 925 B
379 860 524 924 efficiunt
551 862 627 924 sunt
651 878 714 922 non
741 858 821 924 nulli
850 878 929 942 quos
955 880 974 924 a
1000 857 1142 924 Lucieno
1175 860 1297 926 alienos

236 983 307 1029 esse
340 961 482 1043 credant.
531 959 603 1026 Non
631 960 799 1026 dubitatur
824 981 928 1045 neque
956 965 1064 1046 potest
1091 961 1232 1027 dubitari
1258 962 1297 1028 de

236 1065 351 1131 ultimo
376 1065 470 1146 libro,
502 1062 683 1130 Macrobiis.
733 1063 782 1129 De
817 1085 855 1129 eo
882 1065 939 1147 qui
965 1064 1137 1148 praecedit,
1171 1064 1297 1131 Patriae

236 1168 434 1248 laudatione,
466 1167 564 1232 nolim
599 1165 808 1231 confidentius
840 1167 944 1250 loqui3
978 1167 1060 1231 nihil
1086 1167 1184 1232 habet
1212 1168 1298 1252 quod

237 1271 389 1354 originem
406 1270 597 1336 Luoianeam
623 1273 710 1333 certo
733 1270 907 1350 confirmet,
929 1274 979 1335 est
1000 1274 1106 1335 autem
1130 1269 1297 1354 perbrevis

234 1373 363 1440 libellus
390 1392 495 1457 neque
522 1373 600 1436 vitio
627 1392 732 1456 neque
758 1372 876 1438 virtute
904 1374 950 1436 ita
975 1373 1110 1455 insignis
1135 1377 1174 1438 ut
1196 1373 1235 1439 de
1260 1394 1296 1439 eo

234 1481 319 1542 certo
341 1476 480 1542 iudicari
501 1477 614 1561 possit.
661 1475 771 1540 Oratio
795 1475 834 1540 de
858 1475 952 1540 domo
973 1477 1181 1558 gravissimas
1203 1476 1296 1542 dubi-

231 1580 373 1646 tationes
406 1579 487 1644 mihi
521 1578 652 1662 quidem
686 1581 802 1643 movet.
848 1577 1042 1664 Comparate
1067 1599 1140 1644 cum
1163 1579 1295 1666 Hippia,

233 1683 286 1748 cui
313 1683 495 1764 argumenti
511 1680 736 1747 similitudine
763 1683 908 1765 proxime
933 1682 1103 1748 coniuncta
1124 1686 1182 1763 est,
1209 1683 1295 1749 idem

234 1787 266 1850 in
289 1784 473 1850 universum
496 1784 646 1849 habetet
668 1783 796 1848 dicendi
819 1790 851 1849 et
873 1806 923 1851 res
939 1784 1098 1850 tractandi
1115 1805 1227 1868 genus,
1250 1787 1296 1852 ita

234 1893 341 1954 tamen
369 1888 483 1972 cupide
509 1890 700 1972 usurpatum
724 1891 761 1952 ut
782 1889 914 1953 modum
938 1893 972 1954 et
993 1888 1184 1969 elegantiam
1209 1889 1294 1955 haud

234 2011 306 2056 raro
335 1991 476 2056 excedat.
522 1989 628 2056 Huius
653 1991 779 2073 generis
802 1994 876 2056 sunt
898 1992 1164 2073 interrogationes
1187 1993 1294 2058 rheto-

234 2095 298 2159 rice
320 2095 404 2159 inter
426 2115 460 2159 se
484 2095 651 2179 oppositae
663 2093 694 2174 ¹),
722 2093 868 2160 eiusdem
890 2094 936 2160 rei
959 2098 1017 2159 aut
1039 2096 1216 2160 sententiae
1239 2096 1294 2161 vix

232 2198 408 2263 tolerabilis
436 2218 493 2281 per
518 2201 621 2262 toturn
645 2196 790 2262 libellum
814 2198 972 2282 repetitio,
1001 2202 1149 2263 neutrum
1179 2198 1294 2265 abhor-

231 2321 304 2366 rens
339 2322 358 2366 a
391 2300 526 2366 Luciani
560 2301 699 2382 ingenio,
733 2321 908 2384 numquam
942 2305 1049 2367 tamen
1083 2301 1163 2367 adeo
1197 2322 1295 2386 supra

229 2404 360 2470 modum
399 2405 612 2488 frequentata,
650 2403 753 2470 multa
787 2404 924 2489 denique
957 2405 990 2469 in
1026 2405 1162 2487 singulis
1195 2407 1293 2471 nimis

227 2508 337 2592 inepte
362 2508 553 2589 excogitata,
576 2527 658 2591 quae
675 2527 865 2574 enumerare
877 2509 1007 2591 longum
1023 2527 1126 2591 neque
1143 2529 1291 2574 necessa-

227 2611 313 2676 rium
336 2615 394 2676 est.
441 2610 633 2676 Observavit
655 2615 763 2675 tamen
785 2607 1041 2692 Bluemnerusq,
1075 2631 1114 2675 ea
1141 2630 1223 2694 quae
1250 2612 1289 2677 de

229 2714 436 2780 Andromeda
454 2718 625 2779 narrantur
641 2712 721 2797 (cap.
739 2716 789 2793 22,
812 2734 883 2797 pag.
900 2717 951 2792 34,
968 2712 1021 2792 37)
1038 2713 1204 2778 simillima
1219 2735 1289 2780 esse

230 2816 271 2882 iis
293 2836 375 2901 quae
397 2817 560 2883 L'ucianus
587 2816 625 2881 de
653 2816 765 2882 eadem
788 2837 822 2881 re
846 2817 977 2901 exponit
998 2817 1031 2881 in
1054 2816 1198 2898 Dialogis
1222 2837 1290 2882 ma-

231 2918 309 2985 rinis
336 2919 435 3000 (XIV,
451 2923 480 3000 3,
508 2941 579 3004 pag.
597 2923 648 3000 93,
665 2923 683 2983 6
701 2918 772 3003 sq),
805 2923 843 2984 ut
868 2923 925 2985 aut
951 2919 1095 2985 eiusdem
1122 2921 1290 3003 scriptoris

230 3023 272 3088 sit
297 3029 431 3107 uterque
454 3023 545 3088 locus
568 3027 626 3088 aut
648 3024 730 3089 alter
753 3024 891 3088 alterum
913 3023 1070 3089 imitetur.
1115 3023 1226 3106 ltaque
1250 3043 1290 3088 ne

229 3125 354 3192 dehoc
381 3125 510 3210 quidem
540 3126 694 3211 opusculo
724 3145 855 3210 prorsus
889 3130 1011 3192 certum
1037 3126 1195 3192 iudicium
1221 3126 1289 3192 fieri

227 3233 344 3312 potest.
389 3228 508 3295 Contra
534 3229 700 3313 Hippiam,
735 3230 767 3293 in
801 3248 865 3312 quo
898 3231 1001 3295 multa
1027 3230 1291 3313 vituperaverunt

227 3331 425 3399 Wielandins
452 3333 584 3416 aliique,
617 3333 719 3397 multo
746 3333 867 3397 maiore
894 3333 1052 3398 modestia
1075 3336 1108 3397 et
1130 3334 1290 3416 elegantia

226 3437 444 3520 conscriptum
479 3457 548 3502 esso
584 3432 704 3520 put03).
750 3434 862 3518 Neque
890 3435 929 3502 de
956 3433 1143 3517 προλαλιαῑς
1165 3435 1289 3517 dubito,

225 3690 350 3759 incipere,
382 3708 447 3759 quae
476 3692 559 3744 tutius
587 3692 746 3757 instituetur,
778 3692 801 3743 si
828 3693 930 3758 quando
957 3691 1088 3744 Luoianea
1117 3693 1203 3745 omnia
1230 3708 1288 3744 curn

225 3781 353 3845 apparatu
380 3778 469 3831 critico
497 3783 523 3830 et
549 3779 627 3845 pleno
654 3781 680 3829 et
706 3781 826 3830 accurato
844 3777 913 3829 edita
931 3781 1014 3829 erunt.
1048 3779 1096 3831 Vel
1113 3795 1183 3831 nuno
1201 3782 1289 3830 tamen

225 3864 368 3931 optandum
403 3868 442 3916 est
472 3867 503 3916 ut
534 3865 578 3930 qui
606 3863 637 3915 de
664 3878 782 3915 sermone
808 3863 939 3916 Luoianea
967 3867 1096 3930 quaerunt
1121 3879 1175 3916 non
1201 3865 1289 3917 omnia

224 3949 351 4002 misceant
377 3951 543 4016 numerisque
569 3950 751 4015 undecumque
777 3949 908 4016 congestis
935 3954 990 4001 rem'
1016 3951 1171 4002 conturbent
1198 3951 1287 4019 potius

224 4051 299 4102 quam
319 4035 470 4102 provehant,
490 4036 535 4088 sed
554 4036 671 4101 singulos
688 4035 790 4088 libellos
808 4039 926 4087 accurate
945 4035 1101 4088 discernant.

294 4119 312 4186 ¹)
332 4121 385 4173 ofr.
403 4121 513 4172 maxime
532 4121 636 4172 initium
655 4125 680 4172 et
698 4119 783 4187 cap.4
802 4119 824 4186 (l
842 4134 901 4187 pag.
914 4117 955 4185 29,
970 4119 1089 4188 11-22).

292 4203 312 4271 ²)
331 4206 563 4272 Archaeologische
582 4207 692 4259 Studien
710 4223 743 4257 zu
760 4206 860 4258 Lucian
878 4221 937 4273 pag.
949 4206 990 4258 57.

292 4289 312 4357 3)
332 4292 407 4355 Quod
430 4293 554 4345 vocabulo
577 4288 721 4359 πράγματα
745 4291 824 4343 semel
846 4290 912 4359 (cap.
930 4290 958 4356 ‘23
981 4292 1000 4357 1,
1013 4290 1055 4357 36,
1068 4290 1111 4356 28)
1135 4290 1200 4342 male
1222 4307 1285 4343 usus

224 4391 280 4428 esse
308 4376 410 4428 videtur
438 4377 555 4443 scriptor,
581 4393 636 4430 non
659 4377 744 4444 ipsius
772 4377 817 4428 sed
840 4376 1003 4429 librariorum
1025 4377 1103 4445 culpa
1119 4376 1215 4429 iactum
1234 4382 1286 4442 est;
