<?xml version="1.0" encoding="UTF-8"?>
<!DOCTYPE html PUBLIC "-//W3C//DTD XHTML 1.0 Transitional//EN"
    "http://www.w3.org/TR/xhtml1/DTD/xhtml1-transitional.dtd">
<html xmlns="http://www.w3.org/1999/xhtml" xml:lang="en" lang="en">
 <head>
  <title>
</title>
<meta http-equiv="Content-Type" content="text/html;charset=utf-8" />
  <meta name='ocr-system' content='tesseract 3.04.00' />
  <meta name='ocr-capabilities' content='ocr_page ocr_carea ocr_par ocr_line ocrx_word'/>
</head>
<body>
  <div class='ocr_page' id='page_1' title='image "./quaestionesluci00rothgoog_0108.png"; bbox 0 0 3036 5002; ppageno 0'>
   <div class='ocr_carea' id='block_1_1' title="bbox 536 448 747 512">
    <p class='ocr_par' dir='ltr' id='par_1_1' title="bbox 536 448 747 512">
     <span class='ocr_line' id='line_1_1' title="bbox 536 448 747 512; baseline 0.005 -21"><span class='ocrx_word' id='word_1_1' title='bbox 536 448 747 512; x_wconf 69' lang='lat'><em>„37-</em></span> 
     </span>
    </p>
   </div>
   <div class='ocr_carea' id='block_1_2' title="bbox 94 633 1169 4433">
    <p class='ocr_par' dir='ltr' id='par_1_2' title="bbox 94 633 1169 4433">
     <span class='ocr_line' id='line_1_2' title="bbox 107 633 1169 718; baseline 0.002 -22"><span class='ocrx_word' id='word_1_2' title='bbox 107 635 194 698; x_wconf 88' lang='lat' dir='ltr'>recte</span> <span class='ocrx_word' id='word_1_3' title='bbox 210 633 385 717; x_wconf 86' lang='lat' dir='ltr'>excipiunt.</span> <span class='ocrx_word' id='word_1_4' title='bbox 413 633 513 699; x_wconf 89' lang='lat' dir='ltr'>lmmo</span> <span class='ocrx_word' id='word_1_5' title='bbox 529 635 576 699; x_wconf 86' lang='lat' dir='ltr'><em>ite</em></span> <span class='ocrx_word' id='word_1_6' title='bbox 590 636 657 700; x_wconf 86' lang='lat' dir='ltr'>fere</span> <span class='ocrx_word' id='word_1_7' title='bbox 674 655 748 700; x_wconf 87' lang='lat' dir='ltr'>euru</span> <span class='ocrx_word' id='word_1_8' title='bbox 765 636 908 701; x_wconf 87' lang='lat' dir='ltr'>loentum</span> <span class='ocrx_word' id='word_1_9' title='bbox 924 655 995 701; x_wconf 87' lang='lat' dir='ltr'>esse</span> <span class='ocrx_word' id='word_1_10' title='bbox 1011 634 1169 718; x_wconf 88' lang='lat' dir='ltr'>suspicor:</span> 
     </span>
     <span class='ocr_line' id='line_1_3' title="bbox 106 730 1169 818; baseline 0.002 -23"><span class='ocrx_word' id='word_1_11' title='bbox 106 731 180 809; x_wconf 81' lang='grc' dir='ltr'><em>&lt;καὶ</em></span> <span class='ocrx_word' id='word_1_12' title='bbox 206 735 238 797; x_wconf 85' lang='grc' dir='ltr'><em>οἱ</em></span> <span class='ocrx_word' id='word_1_13' title='bbox 264 730 354 798; x_wconf 86' lang='grc' dir='ltr'><em>ἄλλοι</em></span> <span class='ocrx_word' id='word_1_14' title='bbox 376 733 569 816; x_wconf 79' lang='grc' dir='ltr'><em>σολοικισμοὶ</em></span> <span class='ocrx_word' id='word_1_15' title='bbox 592 738 782 816; x_wconf 62' lang='lat' dir='ltr'><em>peronnae</em></span> <span class='ocrx_word' id='word_1_16' title='bbox 804 754 840 799; x_wconf 95' lang='grc' dir='ltr'><em>σε</em></span> <span class='ocrx_word' id='word_1_17' title='bbox 862 734 1016 816; x_wconf 76' lang='grc' dir='ltr'><em>πάντες),</em></span> <span class='ocrx_word' id='word_1_18' title='bbox 1051 734 1080 798; x_wconf 78' lang='grc' dir='ltr'><em>εἰ</em></span> <span class='ocrx_word' id='word_1_19' title='bbox 1107 732 1169 818; x_wconf 84' lang='grc' dir='ltr'><em>ἄρα</em></span> 
     </span>
     <span class='ocr_line' id='line_1_4' title="bbox 105 834 1169 926; baseline 0.006 -28"><span class='ocrx_word' id='word_1_20' title='bbox 105 840 219 907; x_wconf 77' lang='grc' dir='ltr'><em>κοδεῑς</em></span> <span class='ocrx_word' id='word_1_21' title='bbox 251 835 408 901; x_wconf 72' lang='grc' dir='ltr'><em>λανθάνει</em></span> <span class='ocrx_word' id='word_1_22' title='bbox 441 855 477 901; x_wconf 84' lang='grc' dir='ltr'><em>σε</em></span> <span class='ocrx_word' id='word_1_23' title='bbox 510 834 647 920; x_wconf 77' lang='grc' dir='ltr'><em>περιιών.</em></span> <span class='ocrx_word' id='word_1_24' title='bbox 693 841 727 905; x_wconf 94' lang='lat' dir='ltr'><em>ln</em></span> <span class='ocrx_word' id='word_1_25' title='bbox 751 841 865 926; x_wconf 55' lang='lat' dir='ltr'>liyeini</span> <span class='ocrx_word' id='word_1_26' title='bbox 899 840 1005 906; x_wconf 86' lang='lat' dir='ltr'>verbis</span> <span class='ocrx_word' id='word_1_27' title='bbox 1029 838 1113 923; x_wconf 84' lang='lat' dir='ltr'>(cap.</span> <span class='ocrx_word' id='word_1_28' title='bbox 1139 842 1169 920; x_wconf 83' lang='lat'><em>9,</em></span> 
     </span>
     <span class='ocr_line' id='line_1_5' title="bbox 106 937 1169 1024; baseline -0.004 -18"><span class='ocrx_word' id='word_1_29' title='bbox 106 959 177 1024; x_wconf 85' lang='lat' dir='ltr'>pag.</span> <span class='ocrx_word' id='word_1_30' title='bbox 195 943 267 1021; x_wconf 80' lang='lat'>345,</span> <span class='ocrx_word' id='word_1_31' title='bbox 284 941 340 1022; x_wconf 79' lang='lat'><em>37)</em></span> <span class='ocrx_word' id='word_1_32' title='bbox 363 937 470 1023; x_wconf 70' lang='grc' dir='ltr'><strong><em>ὀρθῶς</em></strong></span> <span class='ocrx_word' id='word_1_33' title='bbox 492 939 549 1023; x_wconf 83' lang='grc' dir='ltr'><em>γάρ</em></span> <span class='ocrx_word' id='word_1_34' title='bbox 574 942 684 1022; x_wconf 80' lang='grc' dir='ltr'><em>λε’γεις·</em></span> <span class='ocrx_word' id='word_1_35' title='bbox 708 938 748 1005; x_wconf 75' lang='grc' dir='ltr'><em>ου’</em></span> <span class='ocrx_word' id='word_1_36' title='bbox 769 941 826 1024; x_wconf 83' lang='grc' dir='ltr'><em>γάρ</em></span> <span class='ocrx_word' id='word_1_37' title='bbox 849 942 1053 1023; x_wconf 74' lang='grc' dir='ltr'><em>ἐπιτρεπτέον</em></span> <span class='ocrx_word' id='word_1_38' title='bbox 1068 941 1169 1005; x_wconf 89' lang='grc' dir='ltr'><em>σολοι-</em></span> 
     </span>
     <span class='ocr_line' id='line_1_6' title="bbox 105 1042 1169 1130; baseline 0.007 -27"><span class='ocrx_word' id='word_1_39' title='bbox 105 1042 220 1120; x_wconf 75' lang='grc' dir='ltr'><em>κίζοντι</em></span> <span class='ocrx_word' id='word_1_40' title='bbox 242 1047 284 1128; x_wconf 71' lang='grc' dir='ltr'><em>τῷ</em></span> <span class='ocrx_word' id='word_1_41' title='bbox 307 1044 390 1127; x_wconf 78' lang='grc' dir='ltr'><em>φίλῳ</em></span> <span class='ocrx_word' id='word_1_42' title='bbox 408 1046 498 1128; x_wconf 89' lang='lat' dir='ltr'>prius</span> <span class='ocrx_word' id='word_1_43' title='bbox 514 1042 571 1126; x_wconf 81' lang='grc' dir='ltr'><em>γάρ</em></span> <span class='ocrx_word' id='word_1_44' title='bbox 589 1067 695 1111; x_wconf 87' lang='lat' dir='ltr'>errore</span> <span class='ocrx_word' id='word_1_45' title='bbox 710 1046 880 1130; x_wconf 80' lang='lat' dir='ltr'>irrepsisse</span> <span class='ocrx_word' id='word_1_46' title='bbox 891 1051 976 1130; x_wconf 88' lang='lat' dir='ltr'>puto</span> <span class='ocrx_word' id='word_1_47' title='bbox 993 1067 1010 1110; x_wconf 95' lang='lat' dir='ltr'>e</span> <span class='ocrx_word' id='word_1_48' title='bbox 1026 1046 1169 1129; x_wconf 82' lang='lat' dir='ltr'>proxime</span> 
     </span>
     <span class='ocr_line' id='line_1_7' title="bbox 105 1146 1169 1244; baseline 0.001 -33"><span class='ocrx_word' id='word_1_49' title='bbox 105 1147 326 1230; x_wconf 87' lang='lat' dir='ltr'>sequentibus.</span> <span class='ocrx_word' id='word_1_50' title='bbox 372 1146 447 1232; x_wconf 82' lang='lat' dir='ltr'>Gap.</span> <span class='ocrx_word' id='word_1_51' title='bbox 467 1146 712 1244; x_wconf 45' lang='lat' dir='ltr'><em>mitat-„346²</em></span> <span class='ocrx_word' id='word_1_52' title='bbox 729 1148 784 1229; x_wconf 72' lang='lat'><em>27)</em></span> <span class='ocrx_word' id='word_1_53' title='bbox 817 1149 895 1214; x_wconf 86' lang='lat' dir='ltr'>haee</span> <span class='ocrx_word' id='word_1_54' title='bbox 929 1148 1103 1213; x_wconf 85' lang='lat' dir='ltr'>traduntur</span> <span class='ocrx_word' id='word_1_55' title='bbox 1135 1149 1169 1213; x_wconf 92' lang='lat' dir='ltr'><em>in</em></span> 
     </span>
     <span class='ocr_line' id='line_1_8' title="bbox 106 1245 1168 1331; baseline -0.002 -17"><span class='ocrx_word' id='word_1_56' title='bbox 106 1249 197 1315; x_wconf 89' lang='lat' dir='ltr'>bonis</span> <span class='ocrx_word' id='word_1_57' title='bbox 232 1250 338 1316; x_wconf 89' lang='lat' dir='ltr'>libris:</span> <span class='ocrx_word' id='word_1_58' title='bbox 372 1254 474 1314; x_wconf 82' lang='lat' dir='ltr'><em>AYK.</em></span> <span class='ocrx_word' id='word_1_59' title='bbox 509 1246 563 1331; x_wconf 76' lang='lat' dir='ltr'><em>dp’</em></span> <span class='ocrx_word' id='word_1_60' title='bbox 591 1246 647 1313; x_wconf 75' lang='grc' dir='ltr'><em>οὖν</em></span> <span class='ocrx_word' id='word_1_61' title='bbox 673 1249 724 1312; x_wconf 76' lang='grc' dir='ltr'><em>καὶΙ</em></span> <span class='ocrx_word' id='word_1_62' title='bbox 749 1253 838 1313; x_wconf 71' lang='grc' dir='ltr'><em>τοῦτο</em></span> <span class='ocrx_word' id='word_1_63' title='bbox 861 1257 1034 1328; x_wconf 78' lang='grc' dir='ltr'><em>κατανοεῖς,</em></span> <span class='ocrx_word' id='word_1_64' title='bbox 1067 1245 1113 1313; x_wconf 73' lang='lat' dir='ltr'><em>tu</em></span> <span class='ocrx_word' id='word_1_65' title='bbox 1134 1247 1168 1312; x_wconf 80' lang='grc' dir='ltr'><em>ιδ</em></span> 
     </span>
     <span class='ocr_line' id='line_1_9' title="bbox 103 1349 1169 1430; baseline 0.002 -17"><span class='ocrx_word' id='word_1_66' title='bbox 103 1355 199 1413; x_wconf 77' lang='grc' dir='ltr'><em>ταῦτα</em></span> <span class='ocrx_word' id='word_1_67' title='bbox 221 1349 412 1415; x_wconf 81' lang='grc' dir='ltr'><em>δπαλάιτειν</em></span> <span class='ocrx_word' id='word_1_68' title='bbox 434 1352 620 1430; x_wconf 89' lang='grc' dir='ltr'><em>σολοικίζειν</em></span> <span class='ocrx_word' id='word_1_69' title='bbox 642 1354 808 1430; x_wconf 77' lang='grc' dir='ltr'><em>καλοῦσιν,</em></span> <span class='ocrx_word' id='word_1_70' title='bbox 827 1391 867 1399; x_wconf 93' lang='grc'>-</span> <span class='ocrx_word' id='word_1_71' title='bbox 884 1357 984 1417; x_wconf 81' lang='grc' dir='ltr'><em>ΣΟΛ.</em></span> <span class='ocrx_word' id='word_1_72' title='bbox 1008 1350 1089 1416; x_wconf 89' lang='grc' dir='ltr'><em>άλλά</em></span> <span class='ocrx_word' id='word_1_73' title='bbox 1112 1354 1169 1416; x_wconf 85' lang='grc' dir='ltr'><em>νῦν</em></span> 
     </span>
     <span class='ocr_line' id='line_1_10' title="bbox 104 1452 1168 1536; baseline 0.002 -19"><span class='ocrx_word' id='word_1_74' title='bbox 104 1454 176 1536; x_wconf 80' lang='grc' dir='ltr'><em>(νῦν</em></span> <span class='ocrx_word' id='word_1_75' title='bbox 199 1452 264 1536; x_wconf 69' lang='grc' dir='ltr'><em>γ’ί)</em></span> <span class='ocrx_word' id='word_1_76' title='bbox 280 1453 414 1535; x_wconf 75' lang='grc' dir='ltr'><em>εἴσομαι.</em></span> <span class='ocrx_word' id='word_1_77' title='bbox 432 1491 471 1498; x_wconf 90' lang='grc'>-</span> <span class='ocrx_word' id='word_1_78' title='bbox 488 1464 521 1517; x_wconf 88' lang='grc' dir='ltr'><em>Λ</em></span> <span class='ocrx_word' id='word_1_79' title='bbox 527 1460 553 1517; x_wconf 81' lang='lat' dir='ltr'><em>l&#39;</em></span> <span class='ocrx_word' id='word_1_80' title='bbox 554 1461 591 1520; x_wconf 86' lang='lat' dir='ltr'><em>K.</em></span> <span class='ocrx_word' id='word_1_81' title='bbox 617 1452 690 1518; x_wconf 66' lang='lat' dir='ltr'>elul</span> <span class='ocrx_word' id='word_1_82' title='bbox 715 1453 750 1519; x_wconf 84' lang='grc' dir='ltr'><em>δὲ</em></span> <span class='ocrx_word' id='word_1_83' title='bbox 764 1454 798 1518; x_wconf 83' lang='grc' dir='ltr'><em>τά</em></span> <span class='ocrx_word' id='word_1_84' title='bbox 815 1453 995 1519; x_wconf 80' lang='grc' dir='ltr'><em>ἐναλάιυειν</em></span> <span class='ocrx_word' id='word_1_85' title='bbox 1009 1494 1051 1502; x_wconf 90' lang='grc'>-</span> <span class='ocrx_word' id='word_1_86' title='bbox 1066 1461 1168 1519; x_wconf 80' lang='grc' dir='ltr'><em>ΣΟΛ.</em></span> 
     </span>
     <span class='ocr_line' id='line_1_11' title="bbox 102 1553 1167 1643; baseline -0.001 -22"><span class='ocrx_word' id='word_1_87' title='bbox 102 1555 174 1638; x_wconf 82' lang='grc' dir='ltr'><em>ἐμοὶ</em></span> <span class='ocrx_word' id='word_1_88' title='bbox 205 1554 266 1638; x_wconf 81' lang='grc' dir='ltr'><em>μὲν</em></span> <span class='ocrx_word' id='word_1_89' title='bbox 298 1553 411 1621; x_wconf 79' lang='grc' dir='ltr'><em>ιαάιδν</em></span> <span class='ocrx_word' id='word_1_90' title='bbox 437 1558 538 1637; x_wconf 71' lang='grc' dir='ltr'><em>λέγειν</em></span> <span class='ocrx_word' id='word_1_91' title='bbox 566 1556 658 1636; x_wconf 87' lang='grc' dir='ltr'><em>δόξει.</em></span> <span class='ocrx_word' id='word_1_92' title='bbox 683 1598 726 1605; x_wconf 96' lang='grc'><em>--</em></span> <span class='ocrx_word' id='word_1_93' title='bbox 747 1564 850 1622; x_wconf 82' lang='lat' dir='ltr'><em>AYK.</em></span> <span class='ocrx_word' id='word_1_94' title='bbox 885 1557 937 1621; x_wconf 80' lang='grc' dir='ltr'><em>καὶ</em></span> <span class='ocrx_word' id='word_1_95' title='bbox 963 1563 1034 1630; x_wconf 74' lang='grc' dir='ltr'><em>παῖς</em></span> <span class='ocrx_word' id='word_1_96' title='bbox 1056 1555 1096 1621; x_wconf 77' lang='lat' dir='ltr'><em>do</em></span> <span class='ocrx_word' id='word_1_97' title='bbox 1120 1557 1167 1643; x_wconf 79' lang='grc' dir='ltr'><em>εἴη</em></span> 
     </span>
     <span class='ocr_line' id='line_1_12' title="bbox 103 1656 1169 1746; baseline 0.007 -25"><span class='ocrx_word' id='word_1_98' title='bbox 103 1656 215 1724; x_wconf 78' lang='grc' dir='ltr'><em>ιαάιδν</em></span> <span class='ocrx_word' id='word_1_99' title='bbox 237 1664 280 1745; x_wconf 76' lang='lat' dir='ltr'><em>uqi</em></span> <span class='ocrx_word' id='word_1_100' title='bbox 302 1658 491 1723; x_wconf 80' lang='grc' dir='ltr'><em>άπαλάστειν</em></span> <span class='ocrx_word' id='word_1_101' title='bbox 514 1659 547 1722; x_wconf 79' lang='grc' dir='ltr'><em>ιδ</em></span> <span class='ocrx_word' id='word_1_102' title='bbox 571 1659 750 1726; x_wconf 79' lang='grc' dir='ltr'><em>ε’·ναλάσιειν</em></span> <span class='ocrx_word' id='word_1_103' title='bbox 774 1685 800 1728; x_wconf 85' lang='lat' dir='ltr'><em>e.</em></span> <span class='ocrx_word' id='word_1_104' title='bbox 825 1683 854 1746; x_wconf 91' lang='lat' dir='ltr'><em>q.</em></span> <span class='ocrx_word' id='word_1_105' title='bbox 880 1685 903 1728; x_wconf 89' lang='lat' dir='ltr'><em>s.</em></span> <span class='ocrx_word' id='word_1_106' title='bbox 948 1663 1020 1729; x_wconf 91' lang='lat' dir='ltr'><em>Non</em></span> <span class='ocrx_word' id='word_1_107' title='bbox 1044 1664 1169 1745; x_wconf 84' lang='lat' dir='ltr'>integra</span> 
     </span>
     <span class='ocr_line' id='line_1_13' title="bbox 103 1759 1166 1851; baseline -0.001 -20"><span class='ocrx_word' id='word_1_108' title='bbox 103 1786 175 1831; x_wconf 81' lang='lat' dir='ltr'>esse</span> <span class='ocrx_word' id='word_1_109' title='bbox 203 1765 313 1851; x_wconf 84' lang='lat' dir='ltr'>Lycini</span> <span class='ocrx_word' id='word_1_110' title='bbox 348 1766 444 1831; x_wconf 84' lang='lat' dir='ltr'>rerba</span> <span class='ocrx_word' id='word_1_111' title='bbox 467 1759 541 1826; x_wconf 84' lang='grc' dir='ltr'><em>αάτδ</em></span> <span class='ocrx_word' id='word_1_112' title='bbox 566 1762 657 1828; x_wconf 80' lang='grc' dir='ltr'><em>δὲτὸ</em></span> <span class='ocrx_word' id='word_1_113' title='bbox 680 1762 861 1829; x_wconf 76' lang='grc' dir='ltr'><em>ε’ναλάπειν</em></span> <span class='ocrx_word' id='word_1_114' title='bbox 896 1767 988 1831; x_wconf 84' lang='lat' dir='ltr'>facile</span> <span class='ocrx_word' id='word_1_115' title='bbox 1023 1771 1166 1850; x_wconf 82' lang='lat' dir='ltr'>apparet,</span> 
     </span>
     <span class='ocr_line' id='line_1_14' title="bbox 102 1867 1166 1953; baseline -0.002 -19"><span class='ocrx_word' id='word_1_116' title='bbox 102 1869 270 1951; x_wconf 83' lang='lat' dir='ltr'>solentque</span> <span class='ocrx_word' id='word_1_117' title='bbox 293 1869 436 1953; x_wconf 88' lang='lat' dir='ltr'>recipere</span> <span class='ocrx_word' id='word_1_118' title='bbox 460 1868 580 1934; x_wconf 88' lang='lat' dir='ltr'>codicis</span> <span class='ocrx_word' id='word_1_119' title='bbox 604 1867 776 1934; x_wconf 81' lang='lat' dir='ltr'>Greeriani</span> <span class='ocrx_word' id='word_1_120' title='bbox 810 1869 1068 1952; x_wconf 88' lang='lat' dir='ltr'>supplementum</span> <span class='ocrx_word' id='word_1_121' title='bbox 1103 1889 1166 1933; x_wconf 91' lang='lat' dir='ltr'><em>nou</em></span> 
     </span>
     <span class='ocr_line' id='line_1_15' title="bbox 102 1957 1165 2056; baseline -0.003 -20"><span class='ocrx_word' id='word_1_122' title='bbox 102 1972 222 2036; x_wconf 82' lang='lat' dir='ltr'>melum</span> <span class='ocrx_word' id='word_1_123' title='bbox 246 1992 350 2055; x_wconf 91' lang='lat' dir='ltr'>neque</span> <span class='ocrx_word' id='word_1_124' title='bbox 374 1976 481 2036; x_wconf 82' lang='lat' dir='ltr'>tamen</span> <span class='ocrx_word' id='word_1_125' title='bbox 506 1973 653 2036; x_wconf 74' lang='lat' dir='ltr'>omnies</span> <span class='ocrx_word' id='word_1_126' title='bbox 678 1977 767 2056; x_wconf 83' lang='lat' dir='ltr'>porte</span> <span class='ocrx_word' id='word_1_127' title='bbox 791 1972 930 2055; x_wconf 83' lang='lat' dir='ltr'>placens,</span> <span class='ocrx_word' id='word_1_128' title='bbox 966 1966 1040 2033; x_wconf 81' lang='grc' dir='ltr'><em>αάιδ</em></span> <span class='ocrx_word' id='word_1_129' title='bbox 1070 1968 1105 2034; x_wconf 87' lang='grc' dir='ltr'><em>δὲ</em></span> <span class='ocrx_word' id='word_1_130' title='bbox 1130 1957 1165 2033; x_wconf 83' lang='grc' dir='ltr'><em>οδ</em></span> 
     </span>
     <span class='ocr_line' id='line_1_16' title="bbox 101 2068 1164 2154; baseline -0.001 -17"><span class='ocrx_word' id='word_1_131' title='bbox 101 2070 290 2137; x_wconf 83' lang='grc' dir='ltr'><em>δπαλάσιειυ</em></span> <span class='ocrx_word' id='word_1_132' title='bbox 323 2073 353 2136; x_wconf 84' lang='grc' dir='ltr'><em>εί</em></span> <span class='ocrx_word' id='word_1_133' title='bbox 376 2094 420 2143; x_wconf 86' lang='grc' dir='ltr'><em>ιις</em></span> <span class='ocrx_word' id='word_1_134' title='bbox 447 2069 626 2137; x_wconf 77' lang='grc' dir='ltr'><em>ἐναλάιυειν</em></span> <span class='ocrx_word' id='word_1_135' title='bbox 652 2074 744 2153; x_wconf 75' lang='grc' dir='ltr'><em>λέγει,</em></span> <span class='ocrx_word' id='word_1_136' title='bbox 776 2075 806 2135; x_wconf 90' lang='grc' dir='ltr'><em>ιί</em></span> <span class='ocrx_word' id='word_1_137' title='bbox 833 2090 882 2135; x_wconf 93' lang='grc' dir='ltr'><em>σοι</em></span> <span class='ocrx_word' id='word_1_138' title='bbox 904 2068 1025 2149; x_wconf 82' lang='grc' dir='ltr'><em>δόξειεν</em></span> <span class='ocrx_word' id='word_1_139' title='bbox 1047 2074 1164 2154; x_wconf 74' lang='grc' dir='ltr'><em>λέγειν,</em></span> 
     </span>
     <span class='ocr_line' id='line_1_17' title="bbox 100 2177 1165 2261; baseline 0 -18"><span class='ocrx_word' id='word_1_140' title='bbox 100 2178 233 2244; x_wconf 82' lang='lat' dir='ltr'>Nullam</span> <span class='ocrx_word' id='word_1_141' title='bbox 260 2183 366 2243; x_wconf 84' lang='lat' dir='ltr'>tamen</span> <span class='ocrx_word' id='word_1_142' title='bbox 394 2177 491 2242; x_wconf 81' lang='lat' dir='ltr'>habet</span> <span class='ocrx_word' id='word_1_143' title='bbox 518 2178 742 2243; x_wconf 86' lang='lat' dir='ltr'>auctoritatem</span> <span class='ocrx_word' id='word_1_144' title='bbox 766 2177 906 2260; x_wconf 78' lang='lat' dir='ltr'>licetque</span> <span class='ocrx_word' id='word_1_145' title='bbox 929 2177 1025 2261; x_wconf 82' lang='lat' dir='ltr'>paulo</span> <span class='ocrx_word' id='word_1_146' title='bbox 1048 2178 1165 2243; x_wconf 88' lang='lat' dir='ltr'>melius</span> 
     </span>
     <span class='ocr_line' id='line_1_18' title="bbox 100 2276 1166 2369; baseline -0.006 -22"><span class='ocrx_word' id='word_1_147' title='bbox 100 2283 146 2347; x_wconf 79' lang='lat' dir='ltr'><em>ita</em></span> <span class='ocrx_word' id='word_1_148' title='bbox 179 2282 246 2346; x_wconf 90' lang='lat' dir='ltr'>fere</span> <span class='ocrx_word' id='word_1_149' title='bbox 281 2281 385 2346; x_wconf 80' lang='lat' dir='ltr'>locun]</span> <span class='ocrx_word' id='word_1_150' title='bbox 420 2280 569 2361; x_wconf 84' lang='lat' dir='ltr'>scribere,</span> <span class='ocrx_word' id='word_1_151' title='bbox 604 2276 679 2342; x_wconf 81' lang='grc' dir='ltr'><em>αυίδ</em></span> <span class='ocrx_word' id='word_1_152' title='bbox 714 2276 749 2343; x_wconf 81' lang='grc' dir='ltr'><em>δὲ</em></span> <span class='ocrx_word' id='word_1_153' title='bbox 772 2278 829 2354; x_wconf 78' lang='grc' dir='ltr'><em>(ιδ</em></span> <span class='ocrx_word' id='word_1_154' title='bbox 857 2277 1046 2369; x_wconf 78' lang='grc' dir='ltr'><em>δπαλάπειν</em></span> <span class='ocrx_word' id='word_1_155' title='bbox 1073 2278 1103 2343; x_wconf 80' lang='grc' dir='ltr'><em>εἴ</em></span> <span class='ocrx_word' id='word_1_156' title='bbox 1121 2301 1166 2350; x_wconf 84' lang='grc' dir='ltr'><em>ιις</em></span> 
     </span>
     <span class='ocr_line' id='line_1_19' title="bbox 99 2364 1164 2467; baseline -0.003 -20"><span class='ocrx_word' id='word_1_157' title='bbox 99 2379 278 2447; x_wconf 72' lang='grc' dir='ltr'><em>ε’ναλάιῑτειν</em></span> <span class='ocrx_word' id='word_1_158' title='bbox 316 2382 409 2461; x_wconf 82' lang='grc' dir='ltr'><em>λε’γυι,</em></span> <span class='ocrx_word' id='word_1_159' title='bbox 446 2364 507 2463; x_wconf 73' lang='grc' dir='ltr'><em>δρα</em></span> <span class='ocrx_word' id='word_1_160' title='bbox 544 2379 656 2446; x_wconf 82' lang='grc' dir='ltr'><em>ιαάιδν</em></span> <span class='ocrx_word' id='word_1_161' title='bbox 694 2380 780 2445; x_wconf 74' lang='grc' dir='ltr'><em>ἔσται</em></span> <span class='ocrx_word' id='word_1_162' title='bbox 811 2386 854 2467; x_wconf 76' lang='lat' dir='ltr'><em>uqi</em></span> <span class='ocrx_word' id='word_1_163' title='bbox 887 2380 1101 2458; x_wconf 75' lang='grc' dir='ltr'><em>δπαλάτσειν)</em></span> <span class='ocrx_word' id='word_1_164' title='bbox 1130 2380 1164 2445; x_wconf 82' lang='grc' dir='ltr'><em>ιδ</em></span> 
     </span>
     <span class='ocr_line' id='line_1_20' title="bbox 99 2483 1165 2571; baseline 0.001 -20"><span class='ocrx_word' id='word_1_165' title='bbox 99 2483 294 2563; x_wconf 73' lang='grc' dir='ltr'><em>διπλάσια,</em></span> <span class='ocrx_word' id='word_1_166' title='bbox 327 2486 396 2551; x_wconf 81' lang='lat' dir='ltr'>lloe</span> <span class='ocrx_word' id='word_1_167' title='bbox 431 2489 618 2569; x_wconf 81' lang='lat' dir='ltr'>quaestione</span> <span class='ocrx_word' id='word_1_168' title='bbox 653 2488 800 2552; x_wconf 83' lang='lat' dir='ltr'>absoluto</span> <span class='ocrx_word' id='word_1_169' title='bbox 826 2489 873 2552; x_wconf 83' lang='lat' dir='ltr'><em>ita</em></span> <span class='ocrx_word' id='word_1_170' title='bbox 900 2487 1005 2571; x_wconf 85' lang='lat' dir='ltr'>pergit</span> <span class='ocrx_word' id='word_1_171' title='bbox 1023 2486 1165 2571; x_wconf 88' lang='lat' dir='ltr'>Lycinus</span> 
     </span>
     <span class='ocr_line' id='line_1_21' title="bbox 99 2582 1162 2676; baseline -0.003 -20"><span class='ocrx_word' id='word_1_172' title='bbox 99 2589 186 2676; x_wconf 78' lang='lat' dir='ltr'>(pag.</span> <span class='ocrx_word' id='word_1_173' title='bbox 205 2593 277 2671; x_wconf 77' lang='lat'>347,</span> <span class='ocrx_word' id='word_1_174' title='bbox 296 2589 338 2670; x_wconf 85' lang='grc'><em>1),</em></span> <span class='ocrx_word' id='word_1_175' title='bbox 367 2586 431 2667; x_wconf 83' lang='grc' dir='ltr'><em>ἔχει</em></span> <span class='ocrx_word' id='word_1_176' title='bbox 457 2586 525 2651; x_wconf 83' lang='grc' dir='ltr'><em>ιινά</em></span> <span class='ocrx_word' id='word_1_177' title='bbox 551 2587 604 2650; x_wconf 83' lang='grc' dir='ltr'><em>καὶ</em></span> <span class='ocrx_word' id='word_1_178' title='bbox 628 2582 723 2650; x_wconf 78' lang='grc' dir='ltr'><em>νουσα</em></span> <span class='ocrx_word' id='word_1_179' title='bbox 749 2585 939 2672; x_wconf 73' lang='grc' dir='ltr'><em>κατανόησιν</em></span> <span class='ocrx_word' id='word_1_180' title='bbox 961 2584 1018 2651; x_wconf 83' lang='grc' dir='ltr'><em>οάκ</em></span> <span class='ocrx_word' id='word_1_181' title='bbox 1042 2584 1162 2670; x_wconf 84' lang='grc' dir='ltr'><em>άχαριν.</em></span> 
     </span>
     <span class='ocr_line' id='line_1_22' title="bbox 97 2683 1163 2776; baseline -0.005 -20"><span class='ocrx_word' id='word_1_182' title='bbox 97 2691 131 2756; x_wconf 80' lang='grc' dir='ltr'><em>τὸ</em></span> <span class='ocrx_word' id='word_1_183' title='bbox 167 2689 202 2756; x_wconf 79' lang='grc' dir='ltr'><em>δὲ</em></span> <span class='ocrx_word' id='word_1_184' title='bbox 234 2688 427 2769; x_wconf 78' lang='grc' dir='ltr'><em>σπουδάζειν</em></span> <span class='ocrx_word' id='word_1_185' title='bbox 460 2683 541 2773; x_wconf 83' lang='grc' dir='ltr'><em>πρός</em></span> <span class='ocrx_word' id='word_1_186' title='bbox 573 2713 641 2755; x_wconf 76' lang='grc' dir='ltr'><em>τινα</em></span> <span class='ocrx_word' id='word_1_187' title='bbox 673 2690 731 2776; x_wconf 65' lang='lat' dir='ltr'>erlo</span> <span class='ocrx_word' id='word_1_188' title='bbox 765 2691 887 2754; x_wconf 75' lang='grc' dir='ltr'><em>οἰκείαν</em></span> <span class='ocrx_word' id='word_1_189' title='bbox 920 2688 1079 2772; x_wconf 78' lang='grc' dir='ltr'><em>σι’ῳέλειαν</em></span> <span class='ocrx_word' id='word_1_190' title='bbox 1109 2694 1163 2753; x_wconf 73' lang='grc' dir='ltr'><em>τοῦ</em></span> 
     </span>
     <span class='ocr_line' id='line_1_23' title="bbox 98 2790 1164 2879; baseline -0.006 -19"><span class='ocrx_word' id='word_1_191' title='bbox 98 2792 334 2873; x_wconf 70' lang='grc' dir='ltr'><em>σπουδάζοντος</em></span> <span class='ocrx_word' id='word_1_192' title='bbox 367 2795 528 2877; x_wconf 80' lang='grc' dir='ltr'><em>ἐμφαίνει,</em></span> <span class='ocrx_word' id='word_1_193' title='bbox 559 2791 593 2855; x_wconf 80' lang='grc' dir='ltr'><em>τὸ</em></span> <span class='ocrx_word' id='word_1_194' title='bbox 621 2791 657 2857; x_wconf 78' lang='grc' dir='ltr'><em>δὲ</em></span> <span class='ocrx_word' id='word_1_195' title='bbox 679 2795 754 2876; x_wconf 85' lang='grc' dir='ltr'><em>περί</em></span> <span class='ocrx_word' id='word_1_196' title='bbox 776 2815 843 2857; x_wconf 86' lang='grc' dir='ltr'><em>τινα</em></span> <span class='ocrx_word' id='word_1_197' title='bbox 865 2792 922 2879; x_wconf 72' lang='grc' dir='ltr'><em>σὴν</em></span> <span class='ocrx_word' id='word_1_198' title='bbox 944 2790 1067 2857; x_wconf 84' lang='grc' dir='ltr'><em>ἐκείνου</em></span> <span class='ocrx_word' id='word_1_199' title='bbox 1091 2791 1164 2874; x_wconf 79' lang='grc' dir='ltr'><em>περὶ</em></span> 
     </span>
     <span class='ocr_line' id='line_1_24' title="bbox 97 2894 1163 2977; baseline -0.004 -12"><span class='ocrx_word' id='word_1_200' title='bbox 97 2895 135 2965; x_wconf 81' lang='grc' dir='ltr'><em>ὃν</em></span> <span class='ocrx_word' id='word_1_201' title='bbox 162 2895 336 2976; x_wconf 78' lang='grc' dir='ltr'><em>σπουδάζει</em></span> <span class='ocrx_word' id='word_1_202' title='bbox 363 2896 415 2960; x_wconf 80' lang='grc' dir='ltr'><em>καὶ</em></span> <span class='ocrx_word' id='word_1_203' title='bbox 439 2901 535 2960; x_wconf 70' lang='grc' dir='ltr'><em>ταῦτα</em></span> <span class='ocrx_word' id='word_1_204' title='bbox 561 2895 637 2967; x_wconf 80' lang='grc' dir='ltr'><em>ἴσως</em></span> <span class='ocrx_word' id='word_1_205' title='bbox 663 2894 723 2977; x_wconf 81' lang='grc' dir='ltr'><em>μὲν</em></span> <span class='ocrx_word' id='word_1_206' title='bbox 751 2896 999 2977; x_wconf 73' lang='grc' dir='ltr'><em>ὑποσυγκέχυται</em></span> <span class='ocrx_word' id='word_1_207' title='bbox 1024 2897 1100 2968; x_wconf 79' lang='grc' dir='ltr'><em>ἴσως</em></span> <span class='ocrx_word' id='word_1_208' title='bbox 1128 2894 1163 2961; x_wconf 86' lang='grc' dir='ltr'><em>δὲ</em></span> 
     </span>
     <span class='ocr_line' id='line_1_25' title="bbox 97 2997 1160 3085; baseline 0 -20"><span class='ocrx_word' id='word_1_209' title='bbox 97 3001 149 3066; x_wconf 83' lang='grc' dir='ltr'><em>καὶ</em></span> <span class='ocrx_word' id='word_1_210' title='bbox 176 3000 357 3084; x_wconf 61' lang='lat' dir='ltr'>cuppediae</span> <span class='ocrx_word' id='word_1_211' title='bbox 382 2998 470 3083; x_wconf 84' lang='grc' dir='ltr'><em>παρά</em></span> <span class='ocrx_word' id='word_1_212' title='bbox 492 3016 563 3062; x_wconf 75' lang='grc' dir='ltr'><em>τισι</em></span> <span class='ocrx_word' id='word_1_213' title='bbox 597 3000 719 3082; x_wconf 73' lang='grc' dir='ltr'><em>βέλτιον</em></span> <span class='ocrx_word' id='word_1_214' title='bbox 743 2997 833 3063; x_wconf 77' lang='grc' dir='ltr'><em>δὲτὸ</em></span> <span class='ocrx_word' id='word_1_215' title='bbox 856 2997 1007 3082; x_wconf 79' lang='grc' dir='ltr'><em>άκριβοῦν</em></span> <span class='ocrx_word' id='word_1_216' title='bbox 1030 2999 1160 3085; x_wconf 72' lang='grc' dir='ltr'><em>ἑκάστῳ.</em></span> 
     </span>
     <span class='ocr_line' id='line_1_26' title="bbox 95 3101 1160 3189; baseline 0 -20"><span class='ocrx_word' id='word_1_217' title='bbox 95 3101 231 3189; x_wconf 77' lang='grc' dir='ltr'><em>Ἑκάσιῳ</em></span> <span class='ocrx_word' id='word_1_218' title='bbox 265 3127 326 3171; x_wconf 93' lang='lat' dir='ltr'><em>non</em></span> <span class='ocrx_word' id='word_1_219' title='bbox 354 3106 504 3186; x_wconf 82' lang='lat' dir='ltr'>intellego</span> <span class='ocrx_word' id='word_1_220' title='bbox 532 3110 674 3189; x_wconf 90' lang='lat' dir='ltr'>putoque</span> <span class='ocrx_word' id='word_1_221' title='bbox 703 3105 908 3170; x_wconf 87' lang='lat' dir='ltr'>scribendum</span> <span class='ocrx_word' id='word_1_222' title='bbox 937 3126 1008 3171; x_wconf 86' lang='lat' dir='ltr'>esse</span> <span class='ocrx_word' id='word_1_223' title='bbox 1036 3101 1160 3169; x_wconf 77' lang='grc' dir='ltr'><em>ἕκαστα.</em></span> 
     </span>
     <span class='ocr_line' id='line_1_27' title="bbox 97 3207 1161 3292; baseline 0.002 -20"><span class='ocrx_word' id='word_1_224' title='bbox 97 3207 158 3272; x_wconf 82' lang='grc' dir='ltr'><em>Καὶ</em></span> <span class='ocrx_word' id='word_1_225' title='bbox 186 3210 278 3270; x_wconf 72' lang='grc' dir='ltr'><em>ταῦτα</em></span> <span class='ocrx_word' id='word_1_226' title='bbox 305 3209 397 3273; x_wconf 88' lang='lat' dir='ltr'>initio</span> <span class='ocrx_word' id='word_1_227' title='bbox 426 3209 604 3273; x_wconf 86' lang='lat' dir='ltr'>sententiae</span> <span class='ocrx_word' id='word_1_228' title='bbox 632 3230 695 3275; x_wconf 92' lang='lat' dir='ltr'><em>non</em></span> <span class='ocrx_word' id='word_1_229' title='bbox 723 3208 764 3273; x_wconf 86' lang='lat' dir='ltr'><em>od</em></span> <span class='ocrx_word' id='word_1_230' title='bbox 787 3207 1011 3292; x_wconf 79' lang='lat' dir='ltr'>praecedentia</span> <span class='ocrx_word' id='word_1_231' title='bbox 1033 3209 1161 3274; x_wconf 85' lang='lat' dir='ltr'>videtur</span> 
     </span>
     <span class='ocr_line' id='line_1_28' title="bbox 97 3307 1161 3398; baseline -0.007 -18"><span class='ocrx_word' id='word_1_232' title='bbox 97 3318 244 3398; x_wconf 84' lang='lat' dir='ltr'>spectaro</span> <span class='ocrx_word' id='word_1_233' title='bbox 269 3311 326 3376; x_wconf 93' lang='lat' dir='ltr'><em>sed</em></span> <span class='ocrx_word' id='word_1_234' title='bbox 349 3311 389 3375; x_wconf 86' lang='lat' dir='ltr'><em>ud</em></span> <span class='ocrx_word' id='word_1_235' title='bbox 413 3332 450 3375; x_wconf 86' lang='lat' dir='ltr'><em>ea</em></span> <span class='ocrx_word' id='word_1_236' title='bbox 472 3331 554 3393; x_wconf 87' lang='lat' dir='ltr'>quae</span> <span class='ocrx_word' id='word_1_237' title='bbox 578 3315 767 3393; x_wconf 86' lang='lat' dir='ltr'>sequuntur,</span> <span class='ocrx_word' id='word_1_238' title='bbox 789 3316 827 3376; x_wconf 91' lang='lat' dir='ltr'><em>ut</em></span> <span class='ocrx_word' id='word_1_239' title='bbox 850 3307 885 3373; x_wconf 80' lang='grc' dir='ltr'><em>δὲ</em></span> <span class='ocrx_word' id='word_1_240' title='bbox 903 3312 936 3375; x_wconf 91' lang='lat' dir='ltr'><em>in</em></span> <span class='ocrx_word' id='word_1_241' title='bbox 953 3311 1059 3376; x_wconf 81' lang='lat' dir='ltr'>verbis</span> <span class='ocrx_word' id='word_1_242' title='bbox 1075 3308 1108 3371; x_wconf 81' lang='grc' dir='ltr'><em>οδ</em></span> <span class='ocrx_word' id='word_1_243' title='bbox 1127 3307 1161 3373; x_wconf 85' lang='grc' dir='ltr'><em>δὲ</em></span> 
     </span>
     <span class='ocr_line' id='line_1_29' title="bbox 97 3411 1161 3498; baseline -0.003 -19"><span class='ocrx_word' id='word_1_244' title='bbox 97 3412 289 3492; x_wconf 80' lang='grc' dir='ltr'><em>σπουδάζειν</em></span> <span class='ocrx_word' id='word_1_245' title='bbox 312 3413 484 3479; x_wconf 86' lang='lat' dir='ltr'>delendum</span> <span class='ocrx_word' id='word_1_246' title='bbox 508 3413 559 3477; x_wconf 88' lang='lat' dir='ltr'>sit.</span> <span class='ocrx_word' id='word_1_247' title='bbox 605 3413 665 3478; x_wconf 91' lang='lat' dir='ltr'><em>Pro</em></span> <span class='ocrx_word' id='word_1_248' title='bbox 698 3411 755 3498; x_wconf 60' lang='grc' dir='ltr'><em>νιξν</em></span> <span class='ocrx_word' id='word_1_249' title='bbox 789 3412 909 3476; x_wconf 76' lang='grc' dir='ltr'><em>οἰκείαν</em></span> <span class='ocrx_word' id='word_1_250' title='bbox 943 3413 1082 3478; x_wconf 81' lang='lat' dir='ltr'>traditur</span> <span class='ocrx_word' id='word_1_251' title='bbox 1104 3411 1161 3498; x_wconf 70' lang='grc' dir='ltr'><em>σδν</em></span> 
     </span>
     <span class='ocr_line' id='line_1_30' title="bbox 97 3516 1159 3601; baseline 0.001 -21"><span class='ocrx_word' id='word_1_252' title='bbox 97 3517 154 3601; x_wconf 83' lang='grc' dir='ltr'><em>γάρ</em></span> <span class='ocrx_word' id='word_1_253' title='bbox 178 3517 298 3581; x_wconf 82' lang='grc' dir='ltr'><em>οίκείαν</em></span> <span class='ocrx_word' id='word_1_254' title='bbox 321 3539 337 3582; x_wconf 93' lang='lat' dir='ltr'>e</span> <span class='ocrx_word' id='word_1_255' title='bbox 361 3516 526 3582; x_wconf 77' lang='lat' dir='ltr'>codicibus</span> <span class='ocrx_word' id='word_1_256' title='bbox 546 3516 576 3580; x_wconf 78' lang='lat' dir='ltr'><strong>A</strong></span> <span class='ocrx_word' id='word_1_257' title='bbox 600 3520 632 3580; x_wconf 91' lang='lat' dir='ltr'><em>ct</em></span> <span class='ocrx_word' id='word_1_258' title='bbox 648 3520 679 3577; x_wconf 77' lang='grc' dir='ltr'><strong><em>Ψ</em></strong></span> <span class='ocrx_word' id='word_1_259' title='bbox 701 3518 722 3580; x_wconf 90' lang='lat' dir='ltr'><em>i.</em></span> <span class='ocrx_word' id='word_1_260' title='bbox 740 3539 766 3582; x_wconf 89' lang='lat' dir='ltr'><em>c.</em></span> <span class='ocrx_word' id='word_1_261' title='bbox 790 3517 913 3581; x_wconf 77' lang='lat' dir='ltr'>familia</span> <span class='ocrx_word' id='word_1_262' title='bbox 934 3518 1052 3600; x_wconf 87' lang='lat' dir='ltr'>priore,</span> <span class='ocrx_word' id='word_1_263' title='bbox 1076 3518 1159 3600; x_wconf 91' lang='lat' dir='ltr'>quod</span> 
     </span>
     <span class='ocr_line' id='line_1_31' title="bbox 96 3615 1160 3699; baseline -0.009 -10"><span class='ocrx_word' id='word_1_264' title='bbox 96 3624 178 3689; x_wconf 81' lang='lat' dir='ltr'>hunc</span> <span class='ocrx_word' id='word_1_265' title='bbox 200 3623 263 3687; x_wconf 86' lang='lat' dir='ltr'>lori</span> <span class='ocrx_word' id='word_1_266' title='bbox 286 3623 422 3685; x_wconf 72' lang='lat' dir='ltr'>formant</span> <span class='ocrx_word' id='word_1_267' title='bbox 446 3620 587 3685; x_wconf 82' lang='lat' dir='ltr'>indicare</span> <span class='ocrx_word' id='word_1_268' title='bbox 613 3619 754 3684; x_wconf 87' lang='lat' dir='ltr'>ridetur:</span> <span class='ocrx_word' id='word_1_269' title='bbox 793 3616 840 3681; x_wconf 85' lang='grc' dir='ltr'><em>Τά</em></span> <span class='ocrx_word' id='word_1_270' title='bbox 865 3616 1057 3695; x_wconf 89' lang='grc' dir='ltr'><em>σπουδάζειν</em></span> <span class='ocrx_word' id='word_1_271' title='bbox 1079 3615 1160 3699; x_wconf 82' lang='grc' dir='ltr'><em>πρός</em></span> 
     </span>
     <span class='ocr_line' id='line_1_32' title="bbox 95 3717 1158 3806; baseline -0.004 -19"><span class='ocrx_word' id='word_1_272' title='bbox 95 3747 163 3788; x_wconf 78' lang='lat' dir='ltr'>cero</span> <span class='ocrx_word' id='word_1_273' title='bbox 183 3720 246 3799; x_wconf 84' lang='grc' dir='ltr'><em>&lt;οά</em></span> <span class='ocrx_word' id='word_1_274' title='bbox 266 3719 378 3786; x_wconf 70' lang='grc' dir='ltr'><em>ιαιῗιόν</em></span> <span class='ocrx_word' id='word_1_275' title='bbox 400 3722 464 3785; x_wconf 79' lang='grc' dir='ltr'><em>ε’σιι</em></span> <span class='ocrx_word' id='word_1_276' title='bbox 484 3724 528 3805; x_wconf 75' lang='lat' dir='ltr'><em>rqi</em></span> <span class='ocrx_word' id='word_1_277' title='bbox 550 3721 626 3802; x_wconf 85' lang='grc' dir='ltr'><em>περί</em></span> <span class='ocrx_word' id='word_1_278' title='bbox 646 3728 750 3800; x_wconf 83' lang='grc' dir='ltr'><em>σινα&gt;·</em></span> <span class='ocrx_word' id='word_1_279' title='bbox 773 3719 830 3806; x_wconf 66' lang='grc' dir='ltr'><em>τήν</em></span> <span class='ocrx_word' id='word_1_280' title='bbox 853 3719 910 3803; x_wconf 82' lang='grc' dir='ltr'><em>γάρ</em></span> <span class='ocrx_word' id='word_1_281' title='bbox 933 3721 1055 3785; x_wconf 71' lang='grc' dir='ltr'><em>οἰκείαν</em></span> <span class='ocrx_word' id='word_1_282' title='bbox 1075 3717 1158 3802; x_wconf 66' lang='lat' dir='ltr'>‹dpe-</span> 
     </span>
     <span class='ocr_line' id='line_1_33' title="bbox 95 3821 1158 3909; baseline -0.003 -18"><span class='ocrx_word' id='word_1_283' title='bbox 95 3828 184 3891; x_wconf 85' lang='grc' dir='ltr'><em>λειαν</em></span> <span class='ocrx_word' id='word_1_284' title='bbox 216 3829 270 3888; x_wconf 71' lang='lat' dir='ltr'><em>rou</em></span> <span class='ocrx_word' id='word_1_285' title='bbox 304 3822 538 3904; x_wconf 70' lang='grc' dir='ltr'><em>σπουδάζοντος</em></span> <span class='ocrx_word' id='word_1_286' title='bbox 571 3823 733 3906; x_wconf 78' lang='grc' dir='ltr'><em>ἐμφαίνει,</em></span> <span class='ocrx_word' id='word_1_287' title='bbox 765 3823 798 3886; x_wconf 68' lang='lat' dir='ltr'><em>ro*</em></span> <span class='ocrx_word' id='word_1_288' title='bbox 835 3821 869 3888; x_wconf 79' lang='grc' dir='ltr'><em>δὲ</em></span> <span class='ocrx_word' id='word_1_289' title='bbox 902 3825 977 3905; x_wconf 82' lang='grc' dir='ltr'><em>περί</em></span> <span class='ocrx_word' id='word_1_290' title='bbox 1007 3846 1075 3888; x_wconf 82' lang='grc' dir='ltr'><em>τινα</em></span> <span class='ocrx_word' id='word_1_291' title='bbox 1101 3822 1158 3909; x_wconf 67' lang='grc' dir='ltr'><em>τήν</em></span> 
     </span>
     <span class='ocr_line' id='line_1_34' title="bbox 95 3923 1158 4013; baseline 0 -19"><span class='ocrx_word' id='word_1_292' title='bbox 95 3929 217 3994; x_wconf 76' lang='grc' dir='ltr'><em>ἐκείνου</em></span> <span class='ocrx_word' id='word_1_293' title='bbox 245 3927 317 4010; x_wconf 80' lang='grc' dir='ltr'><em>περὶ</em></span> <span class='ocrx_word' id='word_1_294' title='bbox 343 3923 380 3992; x_wconf 81' lang='grc' dir='ltr'><em>δυ</em></span> <span class='ocrx_word' id='word_1_295' title='bbox 407 3923 589 4005; x_wconf 84' lang='grc' dir='ltr'><em>σπουδάζει.</em></span> <span class='ocrx_word' id='word_1_296' title='bbox 634 3928 781 4013; x_wconf 90' lang='lat' dir='ltr'>Denique</span> <span class='ocrx_word' id='word_1_297' title='bbox 809 3951 873 3994; x_wconf 87' lang='lat' dir='ltr'><em>non</em></span> <span class='ocrx_word' id='word_1_298' title='bbox 900 3929 1053 4010; x_wconf 80' lang='lat' dir='ltr'>intellego</span> <span class='ocrx_word' id='word_1_299' title='bbox 1076 3948 1158 4012; x_wconf 82' lang='lat' dir='ltr'>quae</span> 
     </span>
     <span class='ocr_line' id='line_1_35' title="bbox 96 4029 1158 4116; baseline -0.008 -16"><span class='ocrx_word' id='word_1_300' title='bbox 96 4035 235 4100; x_wconf 89' lang='lat' dir='ltr'>eduntur</span> <span class='ocrx_word' id='word_1_301' title='bbox 269 4034 360 4099; x_wconf 87' lang='lat' dir='ltr'>initio</span> <span class='ocrx_word' id='word_1_302' title='bbox 394 4033 508 4116; x_wconf 85' lang='lat' dir='ltr'>capitis</span> <span class='ocrx_word' id='word_1_303' title='bbox 542 4031 650 4097; x_wconf 87' lang='lat' dir='ltr'>ultimi</span> <span class='ocrx_word' id='word_1_304' title='bbox 678 4031 763 4115; x_wconf 83' lang='lat' dir='ltr'>(pag.</span> <span class='ocrx_word' id='word_1_305' title='bbox 786 4035 858 4113; x_wconf 81' lang='lat'>347,</span> <span class='ocrx_word' id='word_1_306' title='bbox 880 4033 946 4112; x_wconf 74' lang='lat'><em>20),</em></span> <span class='ocrx_word' id='word_1_307' title='bbox 979 4029 1031 4092; x_wconf 82' lang='grc' dir='ltr'><em>καὶ</em></span> <span class='ocrx_word' id='word_1_308' title='bbox 1062 4034 1158 4093; x_wconf 78' lang='grc' dir='ltr'><em>ταῦτα</em></span> 
     </span>
     <span class='ocr_line' id='line_1_36' title="bbox 97 4129 1157 4220; baseline -0.003 -21"><span class='ocrx_word' id='word_1_309' title='bbox 97 4136 210 4207; x_wconf 74' lang='grc' dir='ltr'><em>ἱκανῶς</em></span> <span class='ocrx_word' id='word_1_310' title='bbox 236 4132 440 4220; x_wconf 68' lang='grc' dir='ltr'><em>διελήλυθας,</em></span> <span class='ocrx_word' id='word_1_311' title='bbox 473 4131 524 4196; x_wconf 85' lang='grc' dir='ltr'><em>καὶ</em></span> <span class='ocrx_word' id='word_1_312' title='bbox 550 4130 589 4218; x_wconf 74' lang='grc' dir='ltr'><em>δή</em></span> <span class='ocrx_word' id='word_1_313' title='bbox 618 4134 701 4214; x_wconf 79' lang='grc' dir='ltr'><em>λε’γε·</em></span> <span class='ocrx_word' id='word_1_314' title='bbox 737 4129 816 4196; x_wconf 73' lang='grc' dir='ltr'><em>οὕτω</em></span> <span class='ocrx_word' id='word_1_315' title='bbox 840 4131 897 4215; x_wconf 82' lang='grc' dir='ltr'><em>γάρ</em></span> <span class='ocrx_word' id='word_1_316' title='bbox 921 4151 956 4196; x_wconf 90' lang='grc' dir='ltr'><em>σε</em></span> <span class='ocrx_word' id='word_1_317' title='bbox 979 4133 1030 4196; x_wconf 87' lang='grc' dir='ltr'><em>δεῖ</em></span> <span class='ocrx_word' id='word_1_318' title='bbox 1048 4134 1157 4215; x_wconf 85' lang='grc' dir='ltr'><em>προδι·</em></span> 
     </span>
     <span class='ocr_line' id='line_1_37' title="bbox 96 4231 1156 4319; baseline -0.004 -16"><span class='ocrx_word' id='word_1_319' title='bbox 96 4234 230 4304; x_wconf 87' lang='grc' dir='ltr'><em>δάσκειν.</em></span> <span class='ocrx_word' id='word_1_320' title='bbox 277 4239 410 4305; x_wconf 83' lang='lat' dir='ltr'>Codices</span> <span class='ocrx_word' id='word_1_321' title='bbox 434 4240 462 4303; x_wconf 79' lang='lat' dir='ltr'>A</span> <span class='ocrx_word' id='word_1_322' title='bbox 491 4242 524 4303; x_wconf 90' lang='lat' dir='ltr'><em>et</em></span> <span class='ocrx_word' id='word_1_323' title='bbox 546 4241 577 4298; x_wconf 77' lang='grc' dir='ltr'><strong><em>Ψ</em></strong></span> <span class='ocrx_word' id='word_1_324' title='bbox 610 4238 729 4302; x_wconf 85' lang='lat' dir='ltr'>habent</span> <span class='ocrx_word' id='word_1_325' title='bbox 756 4231 836 4300; x_wconf 72' lang='grc' dir='ltr'><em>οὕτω</em></span> <span class='ocrx_word' id='word_1_326' title='bbox 864 4253 901 4299; x_wconf 90' lang='grc' dir='ltr'><em>σε</em></span> <span class='ocrx_word' id='word_1_327' title='bbox 923 4233 1156 4319; x_wconf 83' lang='grc' dir='ltr'><em>προδιδάσκειν,</em></span> 
     </span>
     <span class='ocr_line' id='line_1_38' title="bbox 94 4334 1155 4433; baseline -0.002 -20"><span class='ocrx_word' id='word_1_328' title='bbox 94 4344 192 4413; x_wconf 82' lang='lat' dir='ltr'>editio</span> <span class='ocrx_word' id='word_1_329' title='bbox 214 4344 363 4433; x_wconf 88' lang='lat' dir='ltr'>princeps</span> <span class='ocrx_word' id='word_1_330' title='bbox 387 4334 466 4403; x_wconf 75' lang='grc' dir='ltr'><em>οὕτω</em></span> <span class='ocrx_word' id='word_1_331' title='bbox 489 4361 531 4423; x_wconf 85' lang='grc' dir='ltr'><em>με</em></span> <span class='ocrx_word' id='word_1_332' title='bbox 553 4336 785 4424; x_wconf 83' lang='grc' dir='ltr'><em>προδιδάσκων,</em></span> <span class='ocrx_word' id='word_1_333' title='bbox 815 4361 897 4427; x_wconf 84' lang='lat' dir='ltr'>quae</span> <span class='ocrx_word' id='word_1_334' title='bbox 920 4341 997 4408; x_wconf 85' lang='lat' dir='ltr'>licet</span> <span class='ocrx_word' id='word_1_335' title='bbox 1019 4343 1155 4411; x_wconf 84' lang='lat' dir='ltr'>fortasse</span> 
     </span>
    </p>
   </div>
   <div class='ocr_carea' id='block_1_3' title="bbox 0 0 1522 5002">
    <p class='ocr_par' dir='ltr' id='par_1_3' title="bbox 0 0 1522 5002">
     <span class='ocr_line' id='line_1_39' title="bbox 0 0 1522 5002; baseline 0 4"><span class='ocrx_word' id='word_1_336' title='bbox 0 0 1522 5002; x_wconf 95' lang='lat' dir='ltr'><em> </em></span> 
     </span>
    </p>
   </div>
  </div>
 </body>
</html>
