3036 5002
651 439 861 505 ..91-

224 619 309 688 dixit
340 621 445 688 ἐθέλω
478 625 554 704 γοῦν
578 622 655 704 ὑμῖν
680 621 732 685 καὶ
756 620 790 686 τό
812 626 867 687 τοῦ
890 625 1037 706 γραφέως
1059 618 1286 707 διηγήσασθαι)

223 730 258 792 et
280 720 404 788 σκύλων
427 725 545 791 addere
567 727 661 792 facile
685 730 810 810 poterat
832 729 888 810 qni
911 728 984 793 aliis
1007 725 1085 790 loeis
1108 725 1286 790 orationem

224 849 266 894 ex
303 828 436 894 arbitrio
474 830 634 894 contraxit
669 836 703 894 et
738 831 932 911 immutavit,
970 830 1070 896 solam
1108 816 1286 893 sententiae

224 952 386 997 summam
419 935 569 1014 spectans
603 951 705 1014 neque
739 932 867 1013 singula
900 954 1024 1000 curans.
1070 929 1153 997 Sunt
1179 934 1287 996 tamen

224 1033 288 1099 alia
303 1033 461 1117 quaedam
479 1053 560 1117 quae
583 1035 703 1100 rnaiore
726 1035 796 1100 iure
820 1056 860 1100 ex
876 1036 935 1102 hoc
959 1038 1068 1103 codice
1091 1035 1176 1100 sumi
1192 1052 1286 1117 posse

224 1136 305 1202 mihi
328 1136 507 1215 videantur,
532 1138 651 1203 rectius
675 1139 795 1222 scripta
815 1159 910 1222 quam
926 1140 960 1204 in
977 1140 1140 1206 codicibus
1156 1137 1287 1215 nostris,

224 1240 265 1304 iis
281 1239 410 1323 quidem
427 1238 544 1322 quibus
560 1239 601 1304 ad
617 1240 700 1306 hunc
716 1241 861 1306 libellum
884 1243 935 1307 usi
959 1245 1035 1308 sunt
1057 1242 1206 1320 editores,
1230 1239 1288 1322 qui

224 1340 359 1427 pessimi
376 1346 451 1408 sunt
465 1345 497 1406 et
512 1342 700 1426 plerumque
716 1365 756 1408 ne
773 1350 921 1410 accurate
938 1345 1069 1428 quidem
1085 1340 1231 1427 inspecti,
1250 1343 1288 1405 ut

225 1445 264 1512 de
287 1445 475 1510 melioribus
491 1444 638 1511 dubitare
655 1446 791 1511 liberum
815 1447 866 1512 sit.
906 1445 954 1510 Td
969 1444 1005 1510 δὲ
1020 1452 1195 1527 γυναικεῖον
1210 1439 1287 1506 ὅσον

225 1543 320 1632 αὐτῆς
331 1543 436 1632 ἠρέμα
448 1542 651 1632 ἐπεγήγερται
662 1548 783 1633 (oapi,
796 1570 867 1633 pag.
875 1553 925 1629 63,
935 1550 988 1632 10)
1001 1555 1086 1617 recte
1097 1547 1287 1616 lacebitzins

224 1652 366 1735 sumpsit
391 1671 408 1715 e
432 1650 602 1716 Bodleiani
629 1649 851 1734 ἕπεγείγερται,
884 1675 957 1719 eum
985 1655 1111 1720 codices
1135 1650 1287 1717 Lucianei

223 1753 342 1819 habere
365 1752 514 1818 dicantur
536 1750 714 1837 ἐπήγερται.
750 1755 861 1820 Malim
882 1759 980 1822 etiam
1003 1757 1099 1841 paulo
1123 1759 1196 1840 post
1218 1743 1288 1817 οἷον

224 1853 420 1937 ἐπλπλενρον
452 1857 599 1941 κειμένης
631 1858 769 1923 seribere
797 1879 870 1924 cum
893 1859 1068 1926 Bodleiano
1095 1879 1189 1942 quam
1218 1845 1288 1917 οἷον

224 1956 277 2022 ἐπὶ
314 1957 457 2041 πλευράν
493 1961 640 2044 κειμένης
676 1981 747 2025 cum
786 1962 878 2028 libris
915 1962 1096 2030 Lucianeis.
1153 1958 1289 2026 Gravior

225 2061 384 2128 dubitatio
408 2067 459 2128 est
480 2063 519 2129 de
543 2064 650 2129 verbis
671 2084 741 2149 eap.
758 2066 776 2128 5
793 2063 879 2148 (pag.
897 2068 948 2146 63,
965 2064 1020 2146 ⁴29)
1042 2061 1097 2127 τὸν
1112 2059 1172 2144 μὲν
1187 2057 1288 2142 ἄνδρα

225 2160 362 2252 ποιήσας
395 2161 498 2249 πάντῃ
532 2163 674 2247 φοβερὸν
706 2164 758 2228 καὶ
789 2167 903 2253 κομιδῇ
936 2163 1055 2250 ἄγριον,
1088 2162 1288 2249 σοβαρὸντῇ

224 2269 313 2352 χαίτῃ
337 2267 392 2350 (an
419 2266 477 2352 τήν
503 2268 660 2354 pelicani),
694 2267 805 2333 λάσιον
838 2267 875 2333 τά
909 2268 1026 2349 πολλά,
1059 2267 1099 2336 ου’
1130 2265 1207 2332 κατά
1234 2265 1289 2329 τὸν

223 2369 327 2435 ἵππον
355 2366 450 2433 ανίοῦ
477 2368 579 2452 μόνον
605 2370 685 2435 α’λλά
712 2371 764 2435 καὶ
789 2371 869 2437 καθ’
892 2369 999 2456 ἕτερον
1021 2376 1077 2437 τοῦ
1098 2367 1288 2453 άνθράπον,

223 2471 275 2536 καὶ
296 2470 412 2555 ἐξάρας
435 2470 530 2538 αὐτοῦ
551 2470 623 2544 τούς
646 2470 753 2554 ὤμους
775 2474 829 2539 ἐπὶ
850 2478 1013 2555 πλεῖστον,·
1046 2499 1127 2562 qnae
1153 2498 1225 2542 cum
1253 2477 1287 2540 in

224 2576 398 2643 Bodleiano
422 2579 468 2642 ita
487 2578 587 2644 libere
611 2583 773 2644 eontracta
795 2582 870 2662 sint,
892 2576 995 2643 ἵππον
1018 2577 1157 2662 σοβαρὸν
1180 2574 1287 2659 ἄγριον

224 2680 338 2765 κομιδῇ
360 2677 471 2744 λάσιον
492 2684 529 2767 τῇ
551 2682 641 2764 χαίτῃ
665 2682 794 2762 στέρνον
816 2703 849 2744 τε
870 2681 923 2745 καὶ
945 2678 1061 2763 ὤμους,
1084 2705 1125 2749 cx
1144 2683 1203 2747 hac
1218 2681 1287 2747 sola

226 2805 258 2851 re
282 2785 364 2850 nihil
386 2791 496 2870 posset
519 2787 601 2851 effici
624 2786 688 2850 nisi
711 2806 845 2868 eaquae
861 2786 988 2852 codices
1005 2786 1287 2867 habenteorrupta

225 2909 296 2954 esse
323 2890 423 2954 etiam
450 2910 508 2973 por
535 2910 569 2955 se
595 2894 775 2974 appareret.
819 2889 902 2954 Nam
925 2890 981 2954 illa
1003 2885 1082 2951 καθ’
1105 2883 1211 2969 ἕτερον
1232 2888 1286 2949 τοῦ

226 2987 402 3074 dudeciaco
436 2993 590 3076 explicari
623 3014 686 3058 non
720 2999 856 3076 possunt
888 3012 992 3076 neque
1021 2992 1124 3059 multo
1152 2992 1288 3057 meliora

224 3099 305 3162 fiunt
341 3097 369 3161 si
406 3117 479 3161 eum
516 3096 696 3162 Fritzsehio
734 3097 905 3162 scribimus
942 3091 1019 3156 κατά
1056 3091 1197 3176 θάτερον
1232 3096 1287 3155 τοῦ

225 3194 412 3282 domama.
469 3198 550 3264 Cum
588 3201 687 3281 igitur
720 3195 837 3281 ἕτερον,
877 3199 961 3282 quod
996 3203 1183 3282 corruptum
1217 3217 1287 3262 esse

226 3309 368 3390 apparet,
402 3324 463 3367 non
498 3303 637 3367 multum
672 3303 757 3369 absit
790 3325 809 3367 a
840 3303 980 3384 στέρνον,
1014 3302 1154 3387 pectoris
1178 3306 1287 3366 autem

225 3407 344 3473 mentio
368 3407 419 3472 hic
443 3411 475 3472 et
498 3410 572 3488 apte
595 3407 651 3473 fiat
674 3411 706 3471 et
729 3413 875 3471 occurrat
890 3408 924 3470 in
940 3405 1124 3486 Bodleiano,
1149 3424 1286 3487 cumque

226 3512 322 3577 verba
343 3505 458 3591 ἐξάρας
481 3505 576 3572 αὐτοῦ
597 3505 669 3578 τούς
691 3531 755 3575 non
777 3511 927 3591 legantur
949 3510 981 3573 in
1005 3507 1200 3586 Florentino,
1232 3506 1287 3589 qui

226 3616 286 3680 etsi
309 3614 486 3680 Zeuxidem
512 3614 610 3686 habet
631 3615 664 3678 in
687 3618 778 3698 parte
801 3606 1024 3677 recentissima
1046 3615 1153 3676 tamen
1176 3610 1228 3674 hic
1250 3614 1288 3676 ut

225 3717 309 3783 inter
342 3719 501 3801 pessimos
529 3718 654 3783 codices
683 3721 733 3782 est
758 3716 908 3798 optimus,
943 3716 1132 3799 scriptorem
1159 3712 1286 3778 dedisse

225 3822 292 3886 fere
312 3825 390 3903 puto
413 3816 522 3882 λάσιον
544 3817 581 3882 τά
604 3811 720 3896 πολλά,
743 3812 782 3880 oo'
795 3813 872 3879 nord
889 3814 943 3880 τὸν
957 3813 1060 3879 ἵππον
1077 3813 1171 3878 edroi
1186 3812 1287 3895 μόνον

226 3919 307 3986 άλλά
333 3919 385 3985 καὶ
415 3920 492 3985 κατα
527 3925 692 4004 στέρνον·
712 3923 765 3984 τοῦ
799 3916 977 4003 άνέλράπον
1011 3917 1063 3982 καὶ
1096 3915 1202 4000 ὤμους
1235 3915 1288 3982 ἐπὶ

226 4027 373 4090 πλεῖστον
382 4025 417 4108 1).

298 4197 315 4264 ¹)
333 4200 363 4251 ln
382 4197 496 4263 proxime
515 4200 684 4263 sequentibus
703 4194 729 4247 τὸ
748 4191 819 4259 <ιλὲ>
839 4194 947 4265 βλέμμα
969 4195 1133 4249 scribendum
1152 4199 1191 4248 est
1208 4195 1287 4261 idque

227 4286 263 4338 ita
278 4290 307 4337 ut
325 4285 370 4337 illa
388 4290 413 4337 et
432 4300 488 4336 cnm
508 4285 722 4351 praecedentibus
741 4288 842 4336 etcum
861 4284 894 4335 iis
913 4299 978 4353 quae
997 4285 1142 4351 sequuntur
1159 4281 1287 4334 artissime

228 4373 388 4425 cohaereant.
