3036 5002
597 446 831 508 -125—

179 619 272 712 ''llrun
299 652 336 709 τι,
365 632 480 714 inquit,
507 633 608 709 τοῦτο,
636 626 838 713 λαμπρότατε
864 630 1040 710 Κυιυτίλλε,
1065 630 1250 703 κελευσθεὶς

183 735 356 816 προσφέρω
379 750 429 796 σοι
451 733 554 816 δῶρον
576 729 648 803 τοδς
669 735 874 817 μακροβίους,
901 731 1002 797 πάλαι
1027 731 1088 815 μὲν
1113 733 1148 798 τδ
1171 731 1248 818 ὄναρ

185 834 261 900 ἰδών
283 834 335 898 καὶ
357 833 525 921 ἱστορήσας
546 844 610 906 τοῖς
634 836 750 917 φίλοις,
773 833 824 900 ὅτε
842 837 970 901 ἐτίθεσο
984 840 1027 923 cpi
1042 839 1174 923 δευτέρῳ
1191 857 1249 903 σου

185 937 274 1001 παιδὶ
299 935 450 1019 τοῦνομα,
483 938 570 1023 qucrl
598 945 726 1006 vertunt
755 961 846 1023 „curn
879 963 996 1008 nomen
1023 963 1158 1027 poneres
1185 944 1249 1009 filio

184 1048 240 1107 tuo
265 1041 436 1108 secund0“.
481 1041 544 1108 Sed
571 1043 631 1109 hoo
647 1042 686 1109 'si
710 1045 819 1122 voluit,
847 1045 983 1111 debebat
1005 1051 1061 1112 aut
1083 1052 1120 1112 ut
1143 1048 1249 1114 minus

186 1152 333 1213 accurate
357 1152 484 1231 tempus
508 1146 664 1226 deliniret,
687 1168 749 1213 non
773 1148 911 1213 nominis
932 1148 998 1214 dati
1015 1151 1071 1216 sed
1086 1151 1249 1232 nascendi,

186 1251 232 1315 rei
255 1250 421 1332 gravioris
445 1254 589 1334 tempore
611 1251 670 1330 uti,
693 1260 749 1316 aut
768 1257 916 1317 accurate
932 1253 1038 1335 ipsum
1054 1253 1147 1318 illum
1164 1255 1248 1320 diem

186 1373 247 1437 quo
270 1354 328 1418 filii
351 1353 566 1418 onomasteria
582 1352 757 1429 Quintillus
774 1355 948 1420 celebravit
969 1356 1123 1437 indicare,
1146 1377 1249 1441 neque

185 1458 263 1522 satis
290 1462 422 1539 apparet
449 1476 512 1539 qua
540 1477 573 1521 re
603 1456 662 1522 hac
691 1458 855 1523 occasione
883 1460 1023 1525 maxime
1056 1460 1252 1543 μακροβίους

184 1560 389 1642 προσφέρειν,
412 1563 450 1624 ut
472 1560 526 1636 ait,
550 1581 569 1624 a
592 1560 653 1624 diis
677 1561 800 1625 somnio
822 1562 878 1627 illo
901 1562 1011 1628 iussus
1034 1563 1086 1628 sit.
1132 1561 1251 1629 Contra

186 1665 293 1728 omnia
329 1663 482 1728 facillime
516 1663 728 1748 explicantur,
766 1664 794 1729 si
827 1684 941 1730 nomen
975 1687 1077 1750 puero
1110 1667 1250 1732 inditum

185 1767 290 1848 ipsum
323 1766 404 1831 illud
431 1765 611 1830 Macrobius
639 1771 718 1847 erat,
752 1786 814 1849 quo
842 1769 1008 1834 nominum
1028 1790 1144 1851 genere
1168 1771 1251 1835 inter

185 1869 308 1934 nobiles
324 1869 483 1934 Romanos
499 1869 627 1934 saeculo
643 1875 757 1952 quarto
774 1871 884 1953 plures
900 1873 952 1936 usi
969 1877 1044 1937 sunt
1053 1871 1088 1952 ¹).
1114 1871 1249 1938 Saeculo

185 1976 298 2054 quarto
333 1977 442 2037 autern
476 1973 633 2037 recentior
668 1973 795 2038 libellus
829 1994 899 2040 esse
932 1994 994 2039 non
1021 1980 1140 2059 potest,
1174 1977 1251 2059 quia

186 2095 287 2158 neque
311 2096 368 2159 per
391 2097 425 2140 se
449 2075 616 2161 probabile
640 2081 689 2140 est
710 2077 743 2139 in
759 2075 853 2141 ltalia
868 2076 943 2142 inde
960 2099 979 2142 a
994 2080 1121 2144 saeculo
1137 2080 1250 2162 quinto

185 2199 378 2262 quemquam
413 2200 524 2262 graece
559 2178 682 2262 aliquid
716 2180 945 2263 conscripsisse
979 2186 1036 2247 aut
1062 2186 1127 2247 tam
1159 2183 1250 2248 bonis

183 2283 326 2347 fontibus
349 2303 444 2348 usum
468 2303 537 2348 esse
566 2287 598 2348 et
624 2283 704 2366 ipsis
728 2284 894 2367 scriptoris
921 2287 1028 2351 verbis
1051 2286 1251 2367 significatur

183 2388 283 2452 totius
300 2387 429 2469 imperii
445 2388 619 2470 imperator
633 2388 666 2451 in
679 2387 771 2452 ltalia
787 2388 905 2470 (legens
918 2386 1003 2472 (cap.
1016 2391 1050 2467 93
1067 2389 1104 2454 ll.
1119 2392 1190 2470 389,
1204 2390 1249 2470 2).

184 2490 379 2554 accuratius
403 2489 505 2554 libelli
527 2495 655 2575 tempus
680 2494 765 2556 certo
789 2492 916 2556 definiri
932 2494 986 2557 vix
1002 2494 1129 2575 poterit.
1160 2492 1251 2558 Nihil

185 2593 269 2656 enim
304 2591 495 2657 concludere
529 2593 607 2657 licet
640 2613 679 2657 ex
707 2594 747 2658 iis
775 2612 856 2676 quae
880 2594 960 2659 dicit
982 2594 1021 2660 rle
1045 2615 1119 2660 sene
1144 2595 1251 2678 aliquo

184 2693 268 2778 (cap.
286 2698 315 2773 7,
338 2714 409 2777 pag.
428 2696 500 2774 388,
517 2694 583 2775 20),
618 2682 662 2756 <bu
696 2690 752 2756 aa
785 2692 837 2756 καὶ
870 2691 1077 2781 εὐσεβεστάτη
1112 2693 1251 2777 μεγάλου

184 2791 350 2859 θειοτάτου
378 2793 606 2880 αὐτοκράτορος
631 2793 707 2882 τάχη
733 2795 778 2867 εἷς
800 2795 857 2883 την
879 2795 1071 2884 τελεωτάτην
1094 2797 1252 2880 άγαγοῦσα

184 2895 273 2976 τάξιν
307 2895 493 2985 εδηργέτηκε
525 2897 561 2961 τά
595 2901 724 2981 μέγιστα
750 2897 807 2986 την
836 2900 1028 2987 οἰκουμένην
1050 2899 1107 2987 την
1128 2903 1252 2981 ἑαυτοῦ,

186 3024 256 3069 cum
281 3023 385 3087 neque
410 3004 449 3069 de
472 2999 557 3081 τάξει
579 3025 683 3088 neque
706 3005 745 3070 de
764 3005 894 3072 homine
916 3006 1090 3091 quidquam
1112 3007 1251 3073 divinari

185 3109 297 3192 possit.
335 3106 422 3184 Quae
438 3113 546 3173 autem
562 3109 601 3174 cle
617 3109 812 3192 imperatore
830 3114 921 3195 optat
936 3108 1020 3195 (cap.
1038 3114 1071 3192 93
1096 3112 1168 3193 388,
1185 3111 1252 3192 38),

186 3205 265 3273 ὥστε
298 3206 350 3271 καὶ
382 3209 469 3294 ἡμᾶς
502 3212 709 3296 χρηστοτέρας
742 3207 825 3290 ἔχειν
858 3210 912 3283 τάς
938 3213 1081 3292 ἐλπίδας,
1113 3213 1253 3282 τελείους

184 3313 263 3400 ημῖν
278 3310 333 3384 τοὶς
349 3309 444 3391 εὐχάς
459 3309 592 3376 ἔσεσθαι
606 3310 687 3397 πρὸς
702 3311 736 3378 τδ
753 3313 798 3384 εἷς
812 3312 964 3401 μήκιστόν
985 3338 1019 3380 τε
1042 3314 1094 3379 καὶ
1115 3313 1252 3399 λιπαρδν

184 3415 239 3482 τδν
272 3415 379 3503 πάσης
412 3420 469 3504 γῆς
501 3414 552 3479 καὶ
584 3414 745 3503 θαλάττης
768 3415 927 3504 δεσπότην
949 3422 1046 3506 γῆρας
1068 3417 1253 3502 άφικέσθατ,

186 3526 224 3608 τῇ
246 3523 361 3586 ἑαυτοῦ
383 3520 553 3604 οἰκουμένῃ
576 3517 783 3601 βασιλεύοντα
805 3519 867 3608 ἤδη
890 3520 941 3585 καὶ
963 3525 1103 3605 γέροντα,
1130 3545 1168 3590 ea
1189 3545 1252 3589 1101]

185 3631 272 3691 recte
305 3627 367 3692 viri
401 3626 488 3692 docti
522 3645 632 3690 omnes
666 3625 705 3691 ‹le
739 3645 814 3692 sene
847 3627 1042 3713 imperatore
1075 3627 1251 3712 accipiunt3

185 3728 284 3792 immo
312 3729 351 3794 de
377 3730 493 3794 iuvene
520 3729 714 3812 imperatore
744 3734 833 3813 optat
856 3730 992 3814 scriptor
1013 3735 1051 3796 ut
1073 3752 1135 3797 non
1158 3730 1251 3795 modo

188 3851 285 3896 senex
312 3832 368 3896 fiat
394 3833 451 3898 sed
479 3833 576 3897 etiam
605 3851 705 3896 senex
730 3832 877 3916 imperet,
904 3834 939 3899 id
966 3839 1082 3900 estne
1109 3854 1250 3918 unquam

187 3935 365 3999 senectutis
387 3935 573 3999 infirmitate
595 3938 723 4000 coactus
739 3936 910 4019 imperium
927 3936 1075 4020 deponat.
1105 3935 1253 4012 Quintilli

187 4041 294 4101 autern
332 4056 447 4102 nomen
485 4058 547 4103 non
582 4038 628 4101 ita
662 4058 769 4102 rarum
805 4043 875 4103 erat
908 4043 945 4103 ut
976 4059 1014 4104 eo
1048 4040 1090 4105 ad
1122 4044 1252 4123 tempus

188 4139 402 4205 definiendum
442 4141 490 4205 uti
533 4141 638 4219 liceat,
684 4160 878 4225 quamquam
922 4162 984 4207 non
1030 4142 1252 4228 improbabilis

259 4361 276 4426 ¹)
296 4361 540 4428 bf1·.Borghesiun‚
560 4362 672 4415 Oeuvres
690 4361 728 4414 ΙΙΙ
747 4375 805 4428 pag.
818 4359 877 4413 510.
