3036 5002
635 482 869 545 -133-

223 668 365 735 eiusdem
391 669 437 733 rei
465 687 594 733 causam
622 665 783 743 attulerat,
811 668 843 729 et
869 665 951 732 illud
978 665 1063 749 quod
1085 663 1284 732 Wielandius

223 771 419 838 desideravit
439 775 471 834 et
486 770 570 852 quod
588 767 747 851 Apuleius
767 767 863 854 habet
878 770 911 834 in
927 769 1072 852 pleniore
1088 768 1168 833 libro
1183 767 1284 832 fuisse

223 875 360 939 videtur.
384 872 439 937 Bis
451 874 619 954 praeterea
635 868 786 949 (Vll,153
802 871 842 951 X,
856 871 911 952 28)
926 893 1072 937 rosarum
1088 870 1283 936 mentionem

223 978 301 1040 facit
323 974 484 1057 Apuleius
503 973 559 1038 ubi
579 974 610 1037 in
628 992 741 1054 graeco
757 972 867 1039 libello
884 974 965 1038 nihil
981 972 1139 1039 eiusmodi
1155 972 1285 1052 legitur,

224 1078 321 1160 idque
354 1078 401 1140 ita
432 1079 470 1140 ut
502 1080 633 1160 propter
661 1076 734 1139 anni
762 1080 891 1161 tempus
915 1078 1040 1141 asinum
1064 1096 1118 1140 eas
1141 1074 1285 1139 invenire

224 1201 286 1244 non
309 1178 454 1263 potuisse
478 1179 645 1260 significet,
677 1178 771 1243 Asini
795 1180 984 1265 scriptorem
1003 1177 1192 1261 primarium
1208 1175 1287 1240 talia

224 1303 286 1347 non
309 1282 404 1346 nimis
428 1282 523 1345 anxie
548 1301 676 1347 curasse
698 1282 832 1365 eiusque
850 1283 1066 1346 narrationem
1083 1278 1287 1345 emendatam

225 1404 296 1449 esse
320 1383 359 1448 ab
375 1384 516 1468 Apuleio
531 1386 650 1449 mirum
672 1404 732 1449 non
751 1389 849 1466 esset;
863 1391 993 1464 tamen,
1017 1404 1088 1448 curn
1106 1380 1287 1465 ecquidem

223 1494 365 1570 tempore
394 1506 457 1569 quc
488 1486 576 1571 apud
601 1487 809 1552 hortulanum
838 1489 947 1553 asinus
974 1490 1023 1552 est
1051 1486 1190 1550 hiemem
1218 1504 1287 1549 esse

224 1596 258 1654 et
290 1590 449 1673 Apuleius
480 1588 548 1670 (lll,
577 1588 632 1669 32)
666 1594 775 1655 narret
809 1595 841 1655 et
876 1591 982 1673 graeci
1016 1588 1118 1654 libelli
1153 1588 1288 1671 scriptor

224 1691 308 1774 (cap.
340 1689 406 1772 34),
447 1693 555 1757 nescio
593 1714 632 1757 an
675 1694 752 1759 haec
794 1713 920 1777 quoque
963 1713 1002 1758 ex
1043 1693 1167 1773 integro
1204 1689 1287 1755 libro

224 1798 353 1876 sumpta
376 1795 449 1858 sint.

310 1898 432 1962 Asinus
445 1903 616 1982 properato
634 1919 730 1964 cursu
746 1919 818 1963 cum
834 1904 928 1983 rapta
939 1898 1062 1978 virgine
1080 1895 1287 1961 alatrcnibus

197 2066 200 2074 ,
224 2001 366 2084 profugit
389 1996 472 2083 (cap.
491 2002 545 2080 24;
569 2000 724 2081 35814),
751 1998 821 2063 ἐπεὶ
843 1997 878 2062 δὲ
900 1996 1022 2084 ἥκομεν
1044 1993 1127 2060 ἔνθα
1150 1996 1287 2076 ἐσχίζατο

224 2101 337 2186 τριπλῆ
363 2097 448 2181 ὁδός,
474 2102 506 2164 οδ
531 2102 678 2189 πολέμιον
703 2102 790 2187 ἡμᾶς
814 2098 1114 2183 καταλαμβάνουσιν
1140 2096 1287 2182 α’ναστρέ-

225 2225 348 2286 φοντες,
381 2203 432 2266 καὶ
463 2202 634 2289 πόρρωθεν
667 2201 765 2277 εὐθυς
791 2203 872 2288 πρὸς
897 2202 954 2290 τήν
980 2192 1119 2288 σελήνην
1147 2198 1288 2282 ἔγνωσαν

223 2304 294 2377 roric
310 2307 471 2387 δυστυχεῖς
487 2305 716 2389 αἰχμαλώτους,
730 2307 782 2371 καὶ
795 2304 1055 2391 προσδραμόντες
1070 2304 1289 2389 λαμβάνονταί

224 2431 296 2490 μου.
341 2411 375 2474 lu
399 2414 495 2477 trivio
518 2415 659 2478 maxime
684 2435 741 2478 cur
762 2413 822 2478 ho'c
848 2414 903 2476 fiat
925 2433 964 2477 ex
987 2411 1081 2476 Asini
1104 2412 1287 2476 narratione

226 2535 288 2578 non
312 2520 453 2596 apparet.
500 2515 584 2590 Quid
607 2517 725 2596 integri
748 2515 823 2579 libri
848 2515 984 2597 scriptor
1006 2514 1184 2578 narraverit
1199 2512 1291 2577 docet

226 2615 383 2697 Apuleius
418 2614 486 2696 (Vl,
505 2614 570 2697 29),
604 2617 690 2701 apud
729 2637 836 2700 quem,
873 2617 929 2680 ubi
967 2615 1007 2680 ad
1041 2615 1122 2680 illud
1155 2615 1287 2679 trivium

227 2724 416 2799 perventum
434 2722 492 2798 est,
515 2718 606 2800 virgo
623 2719 748 2784 asinum
767 2719 970 2784 dextrorsum
987 2718 1027 2782 ad
1042 2717 1180 2802 patriam
1197 2736 1288 2781 suam

227 2820 347 2901 dirigit,
370 2820 425 2884 ille
449 2821 608 2900 renititur,
632 2822 708 2905 quia
731 2842 769 2886 ea
792 2823 844 2886 via
859 2822 999 2886 latrones
1018 2820 1136 2885 abiisse
1153 2818 1288 2899 viderat,

227 2922 367 3005 dumque
390 2925 437 2988 ita
459 2925 553 3004 fugae
575 2944 666 2988 mora
687 2926 732 3004 fit,
755 2944 774 2988 a
793 2924 973 2990 latronibus
996 2921 1288 3007 deprehenduntur.

313 3027 343 3090 A
366 3025 444 3091 deae
467 3025 579 3111 Syriae
606 3027 838 3104 sacerdotibus,
865 3047 944 3111 quos
970 3028 1108 3091 clamore
1134 3044 1192 3090 suc
1215 3043 1290 3107 pro·

227 3129 364 3210 diderat,
398 3130 508 3195 asinus
546 3131 765 3196 crudelissime
803 3131 934 3214 punitur
971 3128 1012 3210 (c.
1040 3131 1095 3209 383
1122 3130 1194 3208 364,
1221 3124 1289 3207 28),

227 3228 345 3311 γυμνὸν
378 3227 440 3316 ἤδη
475 3232 668 3314 προσδέουσί
693 3254 734 3314 με
760 3232 878 3315 δένδρῳ
906 3228 1044 3313 μεγάλῳ,
1071 3217 1137 3292 εἶτα
1164 3225 1288 3310 ἐκείνῃ

225 3337 262 3419 τῆ
290 3332 324 3396 ἐκ
354 3336 417 3396 τῶν
450 3330 654 3415 α’στραγοίλων
687 3334 811 3416 μάστιγα
841 3335 992 3404 παίοντες
1023 3329 1130 3412 ὀλίγον
1154 3331 1289 3416 ἐδέησαν

226 3436 418 3501 (inexustum.
463 3439 512 3504 De
548 3440 603 3504 illo
637 3440 762 3521 fiagello
795 3440 876 3505 nihil
909 3445 1004 3504 antea
1036 3440 1200 3502 narratum
1229 3439 1288 3501 est.

228 3542 312 3619 Quid
334 3543 380 3607 rei
404 3543 448 3607 sit
474 3550 609 3626 apparet
635 3564 673 3609 ex
698 3543 848 3627 Apuleio,
876 3543 932 3627 qui
959 3542 1011 3607 hic
1034 3538 1132 3621 (Vlll,
1148 3538 1204 3620 30)
1225 3560 1288 3604 non

228 3646 334 3710 minus
358 3646 397 3712 de
424 3646 540 3727 ,flagro
563 3645 631 3711 illc
647 3647 792 3730 pecuinis
809 3645 935 3711 ossibus
952 3640 1117 3710 catenato“
1134 3642 1288 3725 loquitur,

226 3748 311 3813 idem
345 3753 451 3814 autem
489 3752 574 3830 ante,
608 3748 664 3813 ubi
699 3749 738 3814 de
765 3749 831 3815 illis
859 3748 1080 3814 sacerdotibus
1107 3746 1288 3811 accuratius

228 3872 323 3935 quam
356 3852 388 3916 in
416 3853 518 3917 Asino
547 3853 582 3916 fit
610 3853 753 3936 exponit,
786 3853 921 3933 flagrum
956 3870 1082 3935 quoque
1117 3849 1200 3914 illud
1233 3848 1289 3913 de-

227 3955 401 4038 scripserat
416 3953 513 4034 (Vlll,
530 3957 570 4019 28
592 3962 719 4039 arrepto
743 3956 880 4038 denique
900 3955 997 4037 flagro
1020 3953 1105 4037 quod
1129 3952 1288 4018 semiviris

228 4057 293 4121 illis
309 4057 473 4140 proprium
490 4062 654 4139 gestamen
671 4064 730 4139 est,
746 4058 899 4124 contortis
914 4057 1031 4122 taeniis
1046 4056 1148 4122 lanosi
1159 4054 1288 4120 velleris

227 4160 351 4242 prolixe
373 4160 566 4225 fimbriatum
596 4166 628 4226 et
655 4160 836 4242 multiiugis
863 4158 937 4225 talis
965 4160 1074 4224 ovium
1096 4160 1288 4224 tesseratum

227 4261 368 4326 indidem
386 4282 457 4327 sese
472 4263 662 4330 multinodis
678 4263 872 4329 commulcat
885 4260 1031 4343 ictibus),
1050 4261 1163 4346 procul
1179 4260 1287 4343 dubio,
