3036 5002
606 480 836 543 -123-

191 669 289 735 verba
325 668 470 752 reposuit
507 666 687 745 Belxkerus,
724 666 757 729 in
793 665 929 731 eundem
966 683 1107 729 errorem
1140 662 1257 727 incidit

191 793 285 855 quem
322 771 453 854 saepius
488 769 720 834 commiserunt
752 772 790 832 ut
823 768 958 832 aliorum
990 767 1182 850 scriptorum
1211 765 1257 829 ita

190 873 325 939 Luciani
360 891 487 954 quoque
524 870 673 948 editores,
710 875 766 935 aut
799 869 838 935 de
867 889 925 934 suo
953 872 1064 934 contra
1091 867 1256 952 scriptoris

191 997 323 1054 morem,
349 994 441 1057 quem
467 975 597 1055 elegans
620 972 677 1037 illa
691 972 804 1037 leviter
827 971 1006 1054 attingendi
1030 975 1063 1037 et
1085 973 1118 1036 in
1134 991 1256 1036 memo-

192 1081 273 1144 riam
300 1076 472 1142 revocandi
501 1077 581 1140 ratio
609 1096 672 1140 uon
700 1075 807 1140 minus
829 1075 922 1140 decet
945 1094 1040 1158 quam
1064 1073 1258 1139 scholastica

193 1181 371 1263 diligentia,
395 1181 464 1245 eius
489 1179 587 1244 verba
612 1177 810 1259 corrigentes
834 1182 890 1243 aut
911 1177 1038 1244 codices
1061 1176 1257 1242 recentiores

192 1284 303 1350 codem
326 1283 460 1348 consilio
484 1281 696 1366 interpolatos
721 1281 821 1346 secuti
832 1280 865 1360 ¹).
900 1281 1049 1365 Denique
1065 1282 1098 1344 in
1113 1279 1257 1344 Zeuxide

191 1407 305 1452 manca
328 1389 378 1452 est
401 1385 502 1451 oratio
526 1386 557 1449 in
580 1385 622 1450 iis
646 1404 726 1468 quae
742 1383 895 1466 leguntur
917 1382 1194 1469 cap.3(pag.63,
1214 1378 1256 1461 1),

191 1475 257 1552 εἶτα
280 1485 353 1569 περὶ
368 1486 516 1566 Μαλέαν,
540 1472 638 1567 οἶμαι,
660 1481 837 1571 καταδύσης
852 1488 908 1571 τῆς
923 1482 1058 1555 ὁλκάδος
1074 1482 1258 1548 α’ττολέσθαι

191 1590 317 1655 ἅπαντα
351 1586 403 1651 καὶ
434 1587 491 1675 τήν
523 1587 662 1675 γραφήν,
696 1590 752 1655 ubi
785 1586 837 1651 καὶ
866 1588 924 1664 (ἐν
959 1584 1063 1659 αὐτοῖς
1095 1585 1172 1663 nal>
1200 1584 1258 1672 τήν

192 1691 318 1778 γραφήν
346 1693 472 1759 videtur
495 1694 698 1759 scribendum
722 1713 803 1773 csse,
837 1696 870 1757 et
895 1693 928 1758 in
953 1692 1097 1776 proxime
1121 1711 1258 1774 sequen-

192 1800 289 1878 tibus,
323 1794 410 1882 πλὴν
444 1792 525 1858 α’λλαλ
559 1791 617 1882 τήν
650 1815 684 1875 γε
717 1789 825 1858 εἰκόνα
858 1797 914 1879 τῆς
946 1790 1069 1865 εἷκόνος
1095 1781 1182 1858 εἶδον
1207 1791 1259 1855 καὶ

193 1896 286 1970 αὐτὸς
311 1897 387 1980 ὑμῖν
414 1897 457 1969 οἷς
484 1893 524 1961 ἄν
551 1889 619 1968 οἷός
640 1919 674 1961 τε
696 1879 723 1961 oi
745 1899 836 1976 δείξω
859 1894 1018 1982 τῷλόγῳ,
1052 1900 1108 1965 ubi
1141 1900 1258 1963 vitium

193 2025 262 2070 esse
285 2004 367 2069 vidit
389 2003 599 2082 Fritzsohius,
627 2004 681 2086 qui
704 2023 762 2087 pro
786 1985 872 2065 εἶδον
894 2003 1025 2087 scripsit
1049 1996 1136 2081 ἰδών,
1163 2002 1258 2087 paulo

194 2108 296 2189 magis
330 2109 466 2173 fortasse
500 2105 641 2191 placebit
674 2111 801 2172 servato
835 2089 923 2168 εἶδον
952 2109 1078 2173 mutare
1106 2100 1200 2174 αὐτὸς
1225 2106 1259 2170 in

193 2202 300 2294 αὐτήν.
345 2210 502 2276 Eiusdem
532 2209 660 2291 'dialogi
694 2212 756 2274 c6
779 2209 817 2290 (l,
836 2211 886 2289 63,
903 2209 960 2290 34)
995 2210 1148 2276 orationis
1185 2229 1259 2274 con·

193 2315 345 2380 cinnitate
374 2313 512 2396 flagitari
541 2314 671 2378 videtur
697 2309 755 2397 τήν
782 2309 920 2397 θήλειαν
949 2308 984 2374 δὲ
1012 2308 1116 2375 ἴτττιοο
1142 2333 1175 2375 τε
1198 2311 1259 2394 (ita

193 2422 278 2482 recte
301 2416 502 2482 Fritzschius
526 2437 583 2500 pro
607 2416 727 2482 tradito
751 2414 800 2498 γε)
823 2418 879 2500 τῆς
900 2414 1070 2500 καλλίστης
1093 2466 1201 2481 .....
1224 2413 1258 2476 τι)

193 2516 228 2582 δὲ
250 2515 316 2581 ἄνα)
340 2517 499 2604 ἡμίτομον
515 2516 660 2597 γυναικὸς
674 2513 851 2597 παγκάλου,
874 2537 930 2601 pro
946 2518 1066 2586 tradito
1083 2515 1257 2598 πάγκαλον.

266 2756 283 2822 ¹)
302 2757 373 2809 Inter
400 2757 519 2823 exempla
547 2757 628 2809 multa
651 2772 716 2823 quae
739 2757 850 2808 conferri
868 2761 980 2823 possunt
998 2758 1115 2823 proxime
1138 2757 1259 2808 adhunc

194 2845 279 2896 locum
306 2843 434 2895 accedunt
460 2843 537 2894 verba
563 2843 646 2895 libelli
673 2844 704 2894 dc
723 2843 922 2895 merccondc.
939 2843 968 2895 lc
987 2843 1030 2909 (ll,
1047 2839 1168 2908 131,13),
1194 2836 1258 2892 ὥστε

195 2929 313 2994 συνεχῶς
338 2924 363 2978 τὸ
386 2924 524 2995 Ὁμηρικὸν
550 2923 636 2981 ἐκεῖνο
664 2923 892 2995 ἐπιφθέγγεσθαι,
924 2923 954 2981 οὐ
976 2925 1082 2996 νέμεσις
1100 2927 1189 2994 Τρῶας
1215 2924 1260 2977 καὶ

195 3010 357 3081 ἐυκνήμιδας
378 3009 505 3080 Ἀχαιοὺς
530 3012 614 3065 πολλὰ
640 3018 734 3066 πονεῖν
758 3011 803 3063 καὶ
825 3009 970 3081 ὑπομένειν
992 3008 1056 3080 ὑπὲρ
1080 3014 1121 3078 τῆς
1142 3009 1260 3076 τοσαύτης

195 3096 376 3168 εὐδαιμονίας
414 3102 551 3168 Proprium
576 3118 638 3154 sane
661 3103 738 3154 huius
760 3101 811 3153 loci
829 3102 956 3168 estquod
974 3102 1093 3169 scriptor,
1120 3104 1258 3169 postquam

195 3191 227 3241 ab
247 3189 312 3255 ipsis
328 3188 434 3239 Homeri
451 3190 536 3240 verbis
555 3190 669 3253 recessit,
688 3205 748 3241 mox
766 3188 851 3239 denuo
870 3194 1021 3253 sequentem
1034 3189 1140 3241 Homeri
1158 3202 1258 3239 versum

195 3280 314 3328 accurate
341 3274 427 3339 refert,
454 3275 500 3326 sed
522 3292 555 3327 ne
573 3276 622 3327 hcc
640 3275 743 3342 quidem
762 3274 827 3326 adeo
845 3272 983 3325 offensioni
1002 3290 1058 3326 esse
1077 3274 1139 3326 mihi
1158 3273 1259 3325 videtur

194 3367 224 3414 ut
242 3362 302 3413 ferri
322 3376 374 3412 non
393 3360 486 3427 possit,
505 3377 562 3412 cum
576 3360 726 3429 pracsertim
744 3360 855 3426 scriptor
868 3375 898 3410 ea
911 3345 976 3425 quae
990 3359 1021 3411 de
1035 3359 1146 3427 pedibus
1159 3360 1259 3411 iocatur

195 3456 224 3500 nt
241 3464 337 3500 novum
356 3447 440 3498 lusum
460 3446 676 3513 praecedentibus
694 3445 789 3498 addere
807 3445 933 3496 videatur.
