3036 5002
477 434 711 496 —109—

63 617 103 682 iis
127 637 209 701 quae
232 620 308 684 olim
332 624 474 684 eorreeta
496 624 553 684 aut
575 640 671 704 supra
693 622 758 685 iem
774 643 793 685 a
808 642 859 686 me
876 625 1126 687 eommemorata

63 724 138 786 sunt
160 722 287 787 aceedit
309 742 380 787 mea
403 724 562 788 sententia
583 725 724 807 primum
744 745 810 789 rnre
824 725 1036 792 Herwerdeni
1052 745 1126 790 oon-

63 825 187 890 iectura
209 845 277 908 ουρ.
295 827 326 902 3,
348 821 522 910 ἐπινοήσας
545 822 729 912 ulzade-pro
746 822 1041 912 mandamentum,
1064 849 1127 914 qua

63 927 101 993 de
136 949 171 992 re
206 949 303 1012 supra
336 925 424 1012 (pag.
441 927 498 1010 78)
531 931 594 995 iam
628 933 748 995 monui.
794 931 968 998 Praeterea
993 953 1126 1017 prorsus

63 1034 188 1096 eertum
209 1031 289 1096 mihi
312 1032 441 1098 videtur
464 1035 569 1118 eapite
588 1033 692 1118 prime
717 1034 920 1099 seribendum
939 1056 1009 1101 esse
1027 1037 1126 1112 ζῶντα

62 1136 136 1215 γοῦν
159 1132 203 1204 οἷς
225 1130 358 1220 άληθῶς
379 1133 431 1196 καὶ
453 1131 587 1218 ἔμψυχα
608 1133 683 1216 ὑμῖν
705 1133 741 1197 τά
763 1132 847 1216 ἔργα,
869 1134 921 1198 καὶ
935 1135 974 1222 νη
991 1139 1053 1199 Δία
1075 1135 1127 1199 καὶ

63 1233 94 1300 ιδ
116 1234 244 1320 θερμὸν
267 1232 368 1302 aderio
391 1237 449 1299 καὶ
465 1238 608 1319 (codices
631 1237 709 1320 ἐστὶ)
729 1235 884 1321 διάπυρον
906 1238 959 1301 καὶ
978 1243 1068 1304 τοῦτο
1091 1240 1126 1304 ἐκ

63 1343 115 1405 τοῦ
130 1343 336 1425 Προμηθέως
358 1336 399 1403 da
422 1339 468 1426 εἴη
480 1340 514 1421 ¹).
549 1341 735 1407 Uberierem
754 1343 1002 1428 disputationem
1020 1346 1126 1430 posuit
1223 1370 1226 1375 ·

64 1466 98 1511 ea
121 1445 282 1512 sententia
305 1465 386 1529 quae
408 1448 475 1509 toto
496 1450 587 1510 sento
605 1447 709 1529 eapite
726 1449 915 1513 continetur.
950 1448 1022 1515 Non
1038 1452 1125 1514 reete

64 1549 159 1614 scribi
185 1549 219 1613 in
246 1548 411 1614 codicibus
438 1548 523 1612 lmne
549 1549 655 1613 loeum
679 1556 822 1634 apparet,
856 1553 1004 1637 pergitur
1039 1551 1122 1617 enim

63 1657 134 1736 post
166 1649 268 1714 ἐνίοτε
294 1648 347 1712 καὶ
372 1647 405 1712 ιδ
435 1645 511 1713 ὅλον
538 1646 745 1722 ἀναπαίστοις
769 1654 895 1733 μέτροις
921 1653 1124 1738 ἐποχουμένη

63 1756 167 1821 verbis
188 1751 226 1816 ad
250 1751 354 1816 πολλά
377 1750 448 1823 ιυδς
466 1755 520 1816 τοῦ
536 1749 684 1833 διαλόγου
700 1755 843 1838 ἑταίρους
858 1753 1019 1835 ἐχλεύαζε,
1042 1779 1124 1842 quae

63 1879 135 1924 vera
169 1879 239 1924 esse
272 1879 333 1923 nen
368 1863 511 1942 possunt,
546 1859 623 1941 quia
656 1858 764 1941 aliquo
797 1860 892 1925 medo
927 1860 1125 1926 adnectenda

64 1965 151 2027 erant
173 1963 345 2047 prioribus.
381 1961 550 2026 Bekkerus
574 1956 609 2022 δὲ
632 1962 770 2027 inseruit
793 1984 898 2047 neque
921 1964 1059 2029 multum
1084 1964 1123 2029 ab

63 2066 129 2131 eius
152 2068 314 2131 sententia
335 2064 535 2130 Fritzsehius
559 2066 703 2146 recessit,
737 2067 793 2150 qui
821 2070 929 2131 tamen
956 2072 1124 2152 praeterea

62 2171 182 2234 maiora
204 2170 360 2253 quaedam
385 2170 524 2234 novavit.
570 2169 617 2234 lta
650 2169 703 2234 hie
736 2171 802 2234 lere
836 2171 1014 2236 sententiae
1048 2192 1123 2255 pro·

62 2292 189 2353 gressus
212 2278 309 2338 esset:
345 2266 396 2333 Ου’
416 2268 501 2334 πάνυ
527 2268 654 2356 συνήθη
680 2268 824 2352 διάλογος
845 2270 897 2333 καὶ
912 2273 1073 2356 κωμῳδία,
1096 2272 1127 2336 εί

61 2395 92 2453 γε
107 2374 124 2438 ὁ
140 2372 201 2456 μὲν
216 2373 297 2438 οίκοι
313 2427 319 2438 .
338 2427 344 2438 .
363 2427 369 2439 .
388 2427 394 2439 .
411 2373 466 2444 σάς
482 2371 640 2456 διατριβάς
655 2374 802 2453 ἐποιεῖτο,
819 2374 841 2460 ἦ
857 2373 893 2438 δὲ
909 2427 915 2440 .
931 2428 937 2439 .
952 2428 958 2440 .
974 2427 980 2440 .
997 2373 1122 2460 θεάτρῳ

61 2477 171 2558 ιδμίλει
198 2528 295 2558 ....,
327 2475 365 2540 τά
399 2476 504 2540 πολλά
539 2476 575 2541 δέ
609 2477 678 2549 ιὀδς
711 2482 766 2542 τοῦ
800 2475 947 2559 διαλόγου
981 2479 1124 2562 ἑταίρους

60 2579 209 2663 έχλείαζε
340 2619 380 2626 -
407 2581 425 2646 δ
453 2578 597 2662 διάλογος
624 2579 660 2645 δὲ
686 2579 880 2663 σεμνοτάτας
906 2582 1042 2646 ἐποιεῖτο
1068 2580 1124 2653 τοὶς

60 2687 228 2756 συνουσίας
251 2736 332 2750 ....
378 2687 469 2752 Ferri
496 2686 575 2751 haee
603 2692 748 2771 possunt,
783 2688 992 2771 praeferenda
1014 2693 1121 2753 tamen

60 2793 186 2859 videtur
208 2792 311 2871 magis
331 2790 485 2855 ooneinna
501 2794 534 2854 et
549 2790 704 2855 adstricta
720 2791 873 2855 erationis
889 2792 1001 2871 forma,
1026 2811 1120 2874 quam

60 2895 109 2960 hie
125 2895 255 2979 quidem
271 2894 358 2958 faoili
376 2913 473 2977 opera
489 2895 660 2960 restituere
676 2895 761 2959 lieet.
794 2893 944 2958 Ostendit
959 2893 1121 2959 Lueianus

60 2998 220 3080 dialogum
248 3003 280 3062 et
307 2997 514 3077 eonmediam,
548 3018 629 3080 quae
656 2999 724 3081 ipse
751 2997 968 3077 eoniunxernt,
1003 3018 1060 3081 pei·
1087 3019 1120 3063 se

60 3121 152 3185 quam
178 3102 318 3167 maxime
341 3100 473 3165 inirniee
495 3120 575 3165 osse.
611 3101 661 3165 Ab
685 3100 745 3165 hae
768 3100 928 3165 sententia
951 3100 1119 3184 periodum

60 3206 182 3291 ineipit,
216 3205 254 3270 ad
290 3203 424 3270 eandem
458 3203 490 3267 in
524 3206 585 3268 fine
619 3203 713 3268 redit.
763 3203 798 3267 ln
832 3204 872 3268 iis
906 3223 988 3287 quae
1021 3205 1121 3269 inter-

60 3313 218 3392 ponuntur
244 3312 440 3392 quantopere
468 3308 527 3372 sibi
555 3308 612 3371 illa
646 3307 794 3390 opposita
820 3308 885 3371 sint
912 3307 1120 3385 demonstrat,

60 3416 94 3477 nt
125 3413 207 3478 mihi
240 3412 369 3476 videtur
402 3430 459 3494 per
486 3411 548 3475 duo
582 3411 823 3495 oppositionum
851 3410 950 3493 paria,
985 3430 1120 3493 quorum

60 3517 146 3598 prius
159 3516 299 3601 pertinet
309 3534 412 3597 usque
425 3514 465 3578 ad
478 3514 576 3578 verba
591 3511 690 3576 ἐνίοτε
705 3510 758 3573 καὶ
771 3510 806 3574 νδ
822 3507 898 3573 ὅλον
913 3509 1121 3582 ιίναπαίσιοις

60 3621 179 3703 μέτροις
200 3617 416 3700 ἐποχουμένη,
445 3616 577 3682 secundi
605 3618 785 3681 membrum
810 3617 946 3681 alterum
972 3638 990 3680 a
1014 3617 1121 3682 verbis

61 3721 77 3783 δ
97 3718 241 3802 διάλογος
257 3718 292 3784 δὲ
306 3723 429 3806 insipit,
454 3722 572 3804 quibus
588 3740 670 3802 (puae
689 3721 886 3804 praeeedunt
901 3721 940 3786 de
956 3720 1121 3784 eonroedia

61 3825 143 3893 dieta
164 3823 201 3888 τά
225 3821 329 3888 πολλα
345 3820 417 3895 rode
432 3826 486 3885 rod
502 3818 649 3903 διαλόγου
662 3822 806 3905 ἑταίρους
821 3819 982 3902 ἐχλεύαζε,
999 3825 1119 3907 optime

61 3929 121 3996 illis
154 3930 280 3996 ultimis
312 3929 351 3994 de
387 3928 514 4009 dialogo
550 3929 765 4012 opponuntur.
813 3927 859 3992 lta
893 3928 992 4009 igitur
1019 3931 1119 3992 totam

61 4050 258 4059 “...--

126 4099 144 4167 ¹)
163 4100 312 4155 Schwartzii
332 4100 482 4151 coniectura
500 4095 525 4147 νδ
543 4094 649 4164 θερμὸν
667 4093 752 4147 αὐτῶν
767 4093 843 4159 <δτι>
859 4089 911 4148 ἐστὶ
924 4093 1055 4162 διάπυρον
1068 4113 1120 4149 neu

62 4186 149 4253 placet,
167 4185 403 4240 Somrnerbrodtius
422 4201 495 4237 suern
514 4185 574 4235 olim
593 4199 650 4235 oum
665 4184 828 4236 dubitatione
840 4184 965 4250 prolatam
979 4181 1017 4247 (in
1030 4182 1120 4234 llleelr-

62 4272 137 4326 eiseni
155 4274 294 4324 annalibus
312 4273 362 4323 vol.
378 4270 424 4321 129
444 4287 502 4338 μου.
516 4267 576 4333 281)
604 4271 632 4320 in
660 4269 784 4322 editionis
810 4274 910 4321 textum
936 4285 991 4320 nen
1013 4270 1119 4335 recepit,

63 4359 131 4425 signo
149 4365 236 4412 tamen
255 4357 448 4424 depravationis
466 4371 599 4425 perperam
619 4355 651 4406 ad
670 4351 776 4422 θερμὸν
794 4356 922 4422 apposito.
