3036 5002
599 1254 680 1319 VH.

193 1439 285 1518 Quod
312 1461 351 1506 ex
377 1442 641 1526 interpretatione
667 1441 799 1528 Syriaca
821 1448 963 1528 apparet,
997 1446 1063 1511 iam
1096 1450 1169 1513 ante

106 1543 254 1609 codicum
278 1545 362 1610 inter
383 1566 436 1610 eos
453 1547 509 1629 qui
525 1549 700 1629 supersunt
715 1547 1015 1630 antiquissimorum
1031 1554 1172 1616 aetatem

105 1647 207 1714 fuisse
246 1648 301 1730 qui
335 1651 460 1714 textum
494 1649 649 1715 traditum
683 1651 925 1735 interpolarent,
962 1652 1023 1717 hoc
1056 1674 1170 1737 magne

104 1750 247 1816 locorum
285 1772 418 1817 numero
456 1754 670 1833 confirmatur,
708 1755 739 1818 in
778 1754 896 1837 quibus
934 1775 1007 1820 curn
1045 1757 1171 1823 codices

105 1872 217 1919 omnes
255 1856 465 1937 consentiant,
506 1859 615 1922 tamen
653 1857 845 1940 depravatos
883 1878 938 1923 eos
976 1878 1046 1924 esse
1085 1865 1170 1926 certo

106 1956 321 2023 demonstrari
347 1961 463 2044 potest.
509 1958 623 2042 Neque
651 1960 837 2043 depravatio
865 1981 899 2026 se
928 1961 1111 2027 continebat
1136 1963 1170 2028 in

105 2060 241 2142 singulis
268 2061 386 2128 litteris
413 2063 556 2143 mutatis,
585 2063 716 2143 additis,
744 2064 883 2143 omissis
911 2063 1053 2129 sednon
1077 2086 1170 2130 num-

105 2183 202 2246 quam
222 2187 285 2232 non
307 2167 539 2234 dubitaverunt
552 2167 679 2233 librarii
702 2167 838 2250 singulis
861 2167 1019 2250 neglectis
1040 2170 1074 2233 in
1098 2171 1170 2234 uui-

105 2287 235 2334 versum
258 2272 451 2336 sententiam
474 2271 618 2336 reddere.
656 2270 748 2341 Talia
771 2272 868 2336 etiam
893 2270 990 2336 iniis
1014 2272 1170 2339 accidisse

106 2370 280 2455 dequibus
302 2374 390 2440 nullo
413 2375 598 2440 testimonio
620 2395 705 2440 nunc
728 2378 855 2440 constat
877 2393 938 2438 non
954 2378 1062 2458 potest
1077 2375 1171 2441 dubi-

105 2475 178 2555 tari,
203 2476 260 2541 sed
283 2497 346 2542 non
370 2497 505 2562 semper,
528 2478 626 2542 immo
649 2478 824 2557 rarissime,
848 2479 893 2541 ita
914 2478 1035 2541 factum
1061 2483 1172 2543 estut

104 2598 163 2642 nos
199 2600 283 2644 nunc
317 2581 356 2646 de
390 2581 574 2665 corruptela
600 2580 722 2663 aliquid
750 2581 920 2664 suspicari,
953 2579 1073 2644 nedum
1101 2583 1172 2665 ipsa

105 2683 272 2766 scriptoris
306 2683 405 2748 verba
437 2685 606 2749 restituere
641 2685 812 2768 possimus.
868 2682 1096 2766 Quaecumque
1132 2683 1171 2748 de

105 2785 305 2867 gravioribus
334 2787 617 2870 depravationibus
645 2786 798 2867 indagare
827 2786 889 2852 sibi
917 2785 979 2851 visi
1007 2791 1083 2852 sunt
1109 2788 1171 2851 viri

106 2887 193 2954 docti
218 2910 257 2954 ea
278 2890 402 2955 incerta
425 2895 482 2956 aut
503 2893 596 2975 plane
611 2891 719 2955 futilia
738 2911 809 2955 esse
826 2891 891 2954 fere
907 2889 1014 2954 omnia
1029 2889 1172 2956 inveniet

105 2993 160 3074 qui
188 2994 320 3058 inventa
345 2994 403 3060 illa
429 2996 612 3061 accuratius
635 2993 841 3060 examinabit.
887 2992 1081 3058 Emendatio
1105 2993 1171 3058 Lu-

106 3095 227 3176 cienea,
262 3100 422 3180 quatenus
456 3102 545 3163 certa
571 3101 628 3162 aut
654 3096 831 3182 probabilis
858 3116 927 3161 esse
953 3099 1069 3179 potest,
1103 3101 1172 3162 tota

105 3200 171 3265 fere
194 3201 378 3266 continetur
400 3202 433 3265 in
455 3202 614 3266 leviorum
638 3221 781 3266 errorum
805 3198 1038 3280 emendatione,
1073 3199 1170 3283 idque

104 3303 151 3368 ita
172 3307 211 3368 ut
233 3324 304 3368 raro
327 3304 450 3388 aliquid
472 3306 627 3388 scriptum
652 3304 834 3368 inveniatur
855 3304 887 3366 in
903 3302 1069 3368 codicibus
1086 3305 1172 3386 quod

106 3426 202 3472 sensu
236 3407 364 3472 omnino
399 3413 514 3473 careat.
560 3406 641 3472 Cum
674 3407 774 3487 igitur
807 3405 940 3470 liberior
966 3405 1171 3489 interpolatio

106 3530 165 3575 sua
186 3514 302 3576 natura
317 3531 389 3576 raro
405 3515 492 3576 certa
508 3510 731 3576 emendatione
748 3509 818 3573 tolli
834 3510 946 3592 possit,
971 3510 1170 3592 corruptelae

106 3613 244 3679 leviores
268 3618 354 3679 certo
372 3615 490 3680 indicio
506 3614 693 3699 plerumque
709 3634 771 3678 non
787 3612 973 3695 prodantur,
997 3612 1170 3677 admodum

106 3717 267 3783 lubricum
311 3720 343 3782 in
380 3719 439 3784 hoc
477 3718 632 3801 scriptore
676 3722 726 3782 est
767 3715 958 3780 emendandi
996 3717 1171 3798 negotium,

106 3822 272 3905 multoque
301 3822 394 3905 plura
420 3843 493 3886 cum
517 3820 719 3885 dubitatione
743 3818 953 3901 relinquenda
976 3823 1051 3883 sunt
1074 3839 1170 3902 quarn
1226 3891 1228 3895 y

107 3924 299 3990 coniecturis
323 3925 417 3989 certis
442 3924 569 3989 restitui
593 3926 735 4007 possunt.
773 3922 830 3987 Rei
847 3922 1019 3987 difficultas
1036 3928 1172 4005 augetur

106 4028 211 4113 ipsius
245 4027 412 4112 scriptoris
446 4028 584 4109 ingenio,
621 4027 677 4108 qui
713 4026 814 4090 multa
847 4024 990 4090 studiose
1025 4025 1105 4107 legit
1138 4029 1172 4089 et

107 4130 302 4212 firmissima,
341 4150 404 4214 qua
440 4131 616 4214 plurimum
655 4128 794 4193 valuisse
832 4127 971 4208 videtur,
1016 4129 1172 4194 memoria

106 4236 212 4301 tenuit
249 4234 380 4317 suisque
418 4234 548 4318 scriptis
586 4232 768 4305 admiscuit,
807 4232 839 4296 in
877 4232 989 4315 paucis
1026 4233 1072 4296 ita
1109 4231 1171 4296 sibi

108 4342 233 4404 constet
266 4343 304 4402 ut
337 4359 376 4402 en
403 4358 467 4401 uno
495 4338 566 4401 loco
595 4337 634 4401 de
663 4335 763 4400 altere
792 4335 976 4399 coniectura
1002 4335 1072 4399 fieri
1099 4337 1170 4399 tuto

934 4450 968 4503 Ἰ*
