3036 5002
647 457 858 520 „67-

223 644 339 711 deinde
362 641 534 723 secundae,
557 642 588 706 in
613 645 731 709 ceteris
748 643 787 708 de
803 645 922 727 quibus
937 644 1079 710 indicare
1095 644 1172 708 licet
1187 641 1285 706 variis

223 747 329 812 modis
345 748 467 813 mixtus
483 750 540 812 est.
581 744 648 821 Quo
665 746 767 829 magis
783 747 952 811 meliorum
969 748 1128 826 codicum,
1145 746 1285 811 maxime

223 850 341 934 prioris
369 850 492 930 elassis,
527 850 680 914 lectiones
706 850 917 930 innotescent,
951 870 1077 934 quoque
1105 850 1225 913 certius
1248 846 1288 912 de

223 955 395 1037 utriusque
411 954 524 1019 classis
540 953 713 1038 archetypo
726 953 897 1032 constabit,
912 958 1002 1018 tanto
1019 953 1121 1034 magis
1137 949 1289 1015 recedent

224 1057 287 1121 viri
303 1056 389 1122 docti
413 1056 453 1121 ab
468 1056 566 1121 huius
588 1056 707 1122 codicis
729 1057 962 1136 aestimatione,
986 1058 1038 1121 cui
1053 1056 1232 1139 principem
1255 1053 1288 1117 in

224 1159 426 1225 restituendo
448 1158 591 1224 Lucieno
620 1161 724 1224 locum
753 1159 876 1224 deferre
903 1165 994 1224 erant
1019 1160 1074 1243 qui
1103 1178 1165 1222 non
1194 1155 1289 1221 dubi-

224 1268 340 1328 tarent.
385 1262 594 1327 Inveniuntur
619 1267 726 1328 tamen
752 1263 815 1328 loci
838 1284 898 1328 non
921 1263 1001 1327 nulli
1025 1262 1143 1344 quibus
1166 1279 1289 1324 errores

226 1366 260 1430 in
296 1366 468 1449 utriusque
506 1366 619 1431 classis
653 1366 827 1451 archetypo
862 1367 1027 1431 commissi
1062 1366 1093 1430 in
1127 1366 1186 1429 hoe
1220 1363 1289 1429 solo

227 1468 337 1535 codiee
346 1466 372 1548 ¹)
404 1470 451 1533 ita
484 1471 685 1550 corrigantur
717 1475 755 1535 ut
787 1470 953 1535 librarium
983 1469 1075 1552 sequi
1102 1469 1221 1532 fontem
1250 1466 1290 1531 ab

227 1573 397 1656 utriusque
425 1573 538 1638 classis
567 1574 722 1637 memoria
749 1573 910 1638 diversum
939 1578 1062 1638 certum
1087 1574 1139 1637 sit.
1184 1572 1291 1636 Aecu-

229 1676 330 1741 ratius
363 1680 470 1741 tamen
504 1678 702 1741 examinanti
736 1677 904 1762 apparebit
937 1677 1034 1741 huius
1068 1677 1115 1741 rei
1143 1675 1293 1758 exempla

229 1784 317 1845 certa
338 1799 401 1845 non
424 1778 561 1843 inveniri
583 1781 646 1844 nisi
669 1781 702 1845 in
719 1780 856 1861 dialogis
872 1780 1016 1859 marinis,
1039 1778 1183 1857 deorum,
1207 1798 1292 1842 mor-

229 1887 355 1949 tuorum
364 1879 400 1962 2).
438 1881 503 1946 lam
527 1903 598 1947 curn
624 1883 767 1964 dialogos
783 1884 923 1948 minores
938 1883 978 1948 ab
993 1886 1129 1965 utraque
1145 1881 1292 1946 codicum

229 1985 352 2051 familia
374 1986 551 2068 antiquitus
575 1987 696 2051 alienos
719 1987 821 2050 fuisse
846 1985 948 2051 videri
964 2006 1063 2070 supra
1078 1984 1292 2067 exposuerim,

229 2091 337 2154 minus
360 2089 478 2152 mirum
503 2096 552 2154 est
574 2110 683 2154 eorum
708 2090 940 2173 exemploque
966 2109 1111 2153 seorsum
1136 2108 1156 2151 a
1178 2088 1293 2151 ceteris

230 2198 262 2258 et
284 2213 323 2259 ex
342 2196 433 2276 parte
457 2192 576 2257 rectius
592 2194 703 2278 scripti
720 2193 905 2258 ferebantur
921 2193 1019 2257 etiarn
1035 2212 1109 2256 eum
1124 2190 1293 2255 librarium

230 2317 325 2362 usum
365 2316 436 2360 esse
469 2296 525 2378 qui
560 2295 656 2360 huius
690 2297 810 2362 codicis
849 2296 1056 2380 archetypum
1095 2293 1294 2376 conseripsit,

231 2399 473 2481 cavendumque
495 2419 535 2463 ne
559 2398 591 2463 id
608 2398 694 2481 quod
712 2399 818 2465 dehis
838 2399 974 2480 dialogis
997 2402 1083 2464 reete
1108 2397 1296 2462 observatur

302 2569 321 2636 ¹)
338 2571 419 2623 Pauci
438 2574 527 2622 extant
545 2571 614 2634 libri,
632 2571 803 2623 recentissimi
823 2585 920 2634 omnes,
940 2573 1065 2635 quantum
1084 2570 1146 2632 scio,
1170 2574 1196 2620 et
1214 2585 1296 2636 pauca

229 2657 342 2711 Luciani
366 2657 464 2722 scripta
486 2657 658 2720 continentes,
683 2657 728 2722 qui
751 2657 788 2707 ita
810 2673 868 2708 cum
888 2656 1013 2707 Vaticano
1036 2654 1068 2706 87
1093 2655 1245 2721 conspirant
1266 2657 1297 2704 ut

232 2748 291 2796 tuto
311 2743 395 2795 omitti
413 2742 525 2809 possint.

302 2826 378 2894 ²)De
406 2828 558 2878 meretriciis
585 2827 650 2878 nihil
679 2829 837 2893 compertum
868 2829 915 2877 est.
960 2826 1020 2892 lpsa
1050 2826 1168 2893 exempla
1197 2825 1297 2888 omitto,

231 2915 355 2983 quoniam
370 2914 437 2965 sumi
450 2914 525 2965 facile
539 2918 650 2979 possunt
663 2929 695 2963 ex
708 2912 822 2963 editione
836 2911 1016 2963 Fritzschiana
1028 2910 1105 2975 (nial.
1119 2911 1188 2962 deor.
1202 2910 1263 2975 Xll,
1279 2910 1302 2975 ⁵2,

232 2999 336 3065 XXIV,
349 2999 371 3064 l,
390 3000 437 3050 ubi
449 2999 606 3051 conterendo
619 3003 658 3049 est
671 2998 808 3050 Fritzschii
822 2997 948 3065 praefatio
961 2997 1082 3064 pag.Vll,
1101 2997 1193 3048 murini
1206 2996 1264 3061 Vll,
1276 2995 1300 3060 ⁶2,

236 3090 396 3138 mortuorum
416 3082 484 3150 Li).
519 3085 600 3136 Recte
627 3085 704 3135 liuius
731 3084 828 3136 codicis
852 3084 935 3134 maius
958 3083 1161 3134 additamentum
1184 3082 1301 3149 quamvis

237 3172 384 3239 speciosum
405 3175 557 3238 spreverunt
570 3170 729 3221 Fritzsclrius
748 3174 773 3220 et
787 3169 1021 3222 Sommerbrodtius
1036 3169 1111 3223 (lliul.
1126 3174 1199 3220 mort.
1212 3168 1260 3232 lX,
1272 3167 1301 3230 43

234 3257 375 3323 1,364,4),
392 3258 439 3308 ubi
457 3261 518 3324 post
535 3257 612 3307 verba
631 3250 660 3304 οὐ
678 3251 718 3322 μιὶ
732 3251 780 3316 Δί’,
802 3249 868 3303 ἄλλα
881 3251 1010 3316 νεώνητόν
1023 3271 1079 3304 τινα
1091 3254 1141 3303 ταῖν
1153 3252 1302 3321 μειρακίων

234 3343 285 3394 τῶν
312 3341 418 3410 αίραίων
436 3339 528 3409 Φρύγα
555 3343 582 3392 in
601 3342 727 3393 Vaticano
746 3340 779 3392 87
807 3341 911 3392 additur
938 3336 1069 3402 ἢνίυιίόν,
1097 3335 1124 3394 ὃς
1146 3336 1230 3389 πάντα
1252 3355 1299 3406 μοι

234 3424 369 3498 ἐχαρίζετο
396 3426 441 3478 καί
467 3428 548 3490 συνῆν
575 3423 638 3492 παρ’
666 3422 729 3488 ὅλην
752 3422 796 3489 τὴν
819 3423 898 3476 νύκτα
921 3424 1044 3480 ποικίλως
1066 3423 1232 3492 τερπνότατος
1255 3420 1301 3474 ὥν.

235 3516 325 3583 Neque
350 3519 436 3567 tamen
461 3516 517 3566 sine
543 3529 621 3566 causa
640 3514 681 3564 bie
700 3514 794 3564 tradita
812 3513 958 3564 immutavit
975 3513 1104 3578 librarius,
1132 3529 1189 3564 cum
1216 3527 1301 3578 neque

236 3618 320 3654 sermo
345 3605 413 3653 reete
438 3600 562 3667 procedet
586 3600 630 3651 ille
649 3601 706 3651 loco
724 3614 809 3665 neque
829 3599 953 3651 orationis
972 3597 1052 3650 torma
1070 3598 1128 3649 ferri
1148 3599 1232 3666 possit
1250 3599 1301 3649 nisi

237 3687 329 3740 deletis
347 3687 432 3739 verbis
451 3685 502 3735 τῶν
519 3684 667 3753 μειρακίων
685 3684 737 3734 τῶν
755 3683 867 3752 ὡραίων,
893 3699 957 3751 quos
976 3685 1036 3736 licet
1054 3684 1162 3737 tortasse
1181 3685 1303 3751 probabi-

236 3774 296 3826 liter
331 3775 359 3825 in
388 3773 466 3824 aliurn
498 3773 582 3823 locum
614 3772 752 3823 transferre
781 3774 811 3822 ut
841 3771 903 3821 haec
933 3770 1024 3821 evadat
1054 3771 1179 3822 sermonis
1209 3771 1303 3821 forma:

238 3855 399 3908 ΣΙΜΥΛΟΣ.
425 3855 481 3906 τίνα
505 3851 534 3906 δὲ
558 3855 587 3905 αἱ
608 3855 749 3906 τελευταῖαι
773 3853 816 3905 τὸν
839 3851 1004 3921 κληρονόμον
1027 3847 1118 3921 doxon,
1146 3845 1229 3917 ἦπού
1246 3871 1304 3904 τινα

238 3944 289 3995 τῶν
315 3937 368 3994 ἀπὸ
395 3943 438 3994 τοῦ
461 3938 560 4009 γένους.
580 3971 612 3978 -
633 3942 876 3992 ΠΟΛΥΣΤΡΑΤΟΣ.
904 3935 937 3990 Od
956 3936 996 4007 μὰ
1015 3937 1063 4002 Δί’,
1091 3935 1157 3990 dilui
1176 3937 1304 4002 νεαίνητόν

239 4047 296 4081 τινα
315 4027 414 4099 Φρύγα.
434 4059 466 4066 -
485 4034 554 4080 ΣΙΜ.
578 4025 653 4097 ἀμφὶ
670 4026 738 4078 πόσα
759 4021 806 4090 ἔτη,
826 4017 846 4076 ὦ
865 4022 1037 4093 Πολύστρατε,·
1057 4054 1088 4062 -
1107 4025 1182 4078 ΗΘΛ.
1205 4022 1305 4093 σχεδὸν

240 4112 315 4185 ἀμφὶ
342 4113 372 4166 rel
395 4115 487 4167 εἴκοσι.
507 4145 539 4152 -
557 4120 627 4166 Etru.
654 4116 704 4165 τῶν
721 4112 870 4181 μειρακίων
888 4111 938 4161 τῶν
956 4111 1072 4180 ιίραίωνς
1099 4108 1147 4174 ἤδη
1170 4108 1305 4181 μανθάνω

243 4198 317 4253 ἅτινά
335 4218 376 4252 σοι
394 4196 494 4257 ἐκεῖνος
512 4195 652 4269 ἐχαρίζετο.
684 4200 932 4254 Sornmerbrorltium
951 4200 1024 4251 rideo
1043 4200 1093 4250 iam
1113 4199 1238 4251 delevisse
1256 4197 1306 4248 τῶν

245 4289 401 4358 μειρακίων,
427 4305 477 4355 qua
495 4289 642 4340 coniectura
661 4287 800 4339 difficultas
819 4286 983 4351 aliquatenus
1002 4286 1100 4336 levatur
1117 4299 1201 4351 nequo
1219 4290 1307 4336 tamen

243 4377 350 4430 tollitur.

1070 4472 1104 4525 5*
