3036 5002
647 470 880 531 -114—

231 661 263 721 te
291 656 463 738 offendar,
498 657 554 721 sed
580 653 626 738 μη
654 671 689 716 σε
711 650 785 737 dorp
811 655 902 735 „vide
927 674 967 718 an
990 660 1021 717 te
1046 651 1216 718 offendat“.
1265 655 1303 719 ln

233 758 346 824 eodem
376 759 503 840 dialogo
532 763 636 843 oapi
659 758 746 839 (433,
764 757 820 838 33)
843 757 1022 857 necessario
1045 756 1218 840 legendum
1249 745 1317 824 est¹

229 857 290 941 ἐγω
315 857 350 923 δέ
373 857 395 945 ἢ
417 859 514 946 σιμήν
536 883 603 924 τινα
627 857 650 946 η’
672 860 773 945 καλην
795 857 926 945 νύμφην
950 859 1032 938 οἶδα,
1055 855 1077 944 ἤ
1099 856 1145 922 ὅτι
1168 861 1304 924 Φείδων

230 965 249 1028 e‘
272 962 495 1049 Ἀλωπεκῆθεν
510 952 617 1046 (οἶμαί
639 961 695 1046 γαρ
719 963 840 1027 ἐκεῖνον
856 963 957 1044 λέγειν
973 962 1023 1044 σε)
1039 965 1198 1048 θνγατέρα
1215 959 1305 1034 ὅλως

230 1065 295 1148 ἔχει
321 1069 490 1150 (scribitur
517 1055 618 1150 εἶχεν)
646 1066 767 1150 αἱραίαν
801 1064 861 1152 ἤδη
897 1065 1010 1147 γάμον.
1056 1068 1150 1134 [nitio
1175 1069 1304 1150 dialogi

230 1175 338 1257 quarti
360 1172 447 1257 (pag.
465 1176 539 1253 441,
557 1171 611 1254 13)
635 1173 764 1238 videtur
792 1172 998 1238 scribendum
1026 1193 1096 1237 esse
1123 1166 1305 1251 deluderem

229 1273 286 1359 γαρ
309 1270 350 1339 ἄν
371 1273 423 1338 καὶ
442 1272 479 1336 ui
495 1276 609 1357 χρυσία
624 1278 719 1336 ταῦτα
735 1276 895 1358 προείμην·
910 1273 1024 1360 ἡδέως,
1048 1296 1111 1341 non
1126 1270 1305 1353 θαίμιίνια,

229 1400 302 1445 oum
326 1375 477 1458 deludam
500 1379 656 1445 traditum
680 1400 750 1444 esse
775 1379 920 1444 videatur
946 1385 977 1444 et
999 1380 1054 1444 vix
1077 1379 1166 1444 aliud
1185 1378 1306 1462 puella

230 1483 316 1548 dieat
349 1503 444 1566 quam
480 1487 600 1548 vestem
639 1486 670 1547 et
705 1488 892 1548 ornamenta
926 1503 1007 1566 quae
1043 1503 1152 1549 seeum
1185 1483 1303 1548 habet.

228 1585 367 1668 Dialogo
405 1606 487 1651 nono
526 1586 618 1651 miles
658 1591 690 1651 et
727 1592 887 1651 mereator
924 1587 1035 1652 eodem
1073 1592 1217 1671 tempore
1256 1585 1313 1652 ad<

230 1690 364 1755 eandem
394 1689 596 1755 meretricem
622 1690 764 1768 veniunt,
799 1693 956 1754 mereator
979 1689 1069 1755 iubet
1092 1710 1162 1755 eam
1185 1709 1305 1755 seeum

228 1794 311 1858 intro
354 1795 412 1873 ire,
458 1793 499 1858 ad
536 1813 617 1877 quae
655 1794 687 1857 in
725 1792 920 1858 editionibus
957 1794 1075 1858 aneilla
1111 1793 1304 1859 meretrieis

228 1896 401 1981 respondet
434 1892 591 1978 e'levda'po
625 1899 684 1975 μέν
719 1894 782 1957 ἐστι
807 1893 856 1956 καὶ
885 1892 1101 1980 ακολονθησει
1127 1891 1167 1980 ἢν
1195 1893 1303 1980 ε’θέλη

227 1997 297 2080 (111,
314 2003 348 2080 4;
372 2001 445 2080 452,
461 1997 505 2079 7).
554 1998 616 2064 Sed
644 2020 748 2083 nequo
774 2004 839 2064 tam
869 1999 995 2083 quando
1022 2000 1112 2065 illum
1142 2004 1304 2084 sequatur

229 2104 338 2185 agitur
371 2123 466 2187 quam
503 2108 612 2168 utrum
651 2109 814 2186 sequatur,
853 2123 954 2186 noque
995 2108 1069 2189 apte
1103 2103 1181 2168 haee
1217 2103 1304 2168 dieit

228 2207 345 2271 aneilla
361 2227 442 2290 quae
467 2209 499 2270 iu
521 2207 667 2290 proxime
692 2207 900 2290 sequentibus
924 2212 1035 2288 rogata
1058 2206 1200 2292 apuella
1217 2207 1302 2288 quid

228 2310 326 2374 faeiat
349 2310 378 2374 ei
401 2309 517 2374 suadet
539 2313 576 2373 ut
598 2310 688 2374 illum
713 2313 868 2393 sequatur
883 2331 986 2394 neque
1004 2311 1132 2376 omuino
1149 2310 1183 2374 id
1199 2330 1300 2392 agere

228 2416 334 2496 potest
355 2417 393 2477 ut
415 2411 548 2477 divitem
571 2418 748 2478 amatorem
772 2412 921 2479 offendat
960 2414 1070 2498 ltaque
1095 2412 1199 2479 danda
1215 2413 1302 2478 haee

228 2520 303 2581 sunt
337 2516 444 2596 militi,
480 2516 535 2599 qui
570 2518 740 2580 mercatori
773 2516 852 2581 dioit
885 2514 1040 2600 ἐλευθέρα
1067 2518 1126 2597 μέν
1153 2513 1218 2577 ἐστι
1245 2513 1303 2577 καὶ

226 2615 443 2704 ακολοοθησει
470 2606 495 2702 ᾧ
522 2613 566 2681 ἄν
589 2614 699 2702 ἐθέλῃ,
728 2619 873 2704 adquae
897 2621 1064 2704 aptissime
1088 2620 1245 2686 meretrix
1269 2620 1303 2682 τί

226 2725 320 2801 ποιῶ,
344 2719 485 2803 Δορκιίς,·
508 2723 628 2788 Verum
653 2743 724 2788 esse
748 2744 810 2787 non
833 2728 941 2806 potest
964 2724 1049 2807 quod
1064 2723 1202 2789 traditur
1218 2723 1260 2804 X,
1280 2727 1301 2788 2

226 2825 313 2910 (pag.
341 2829 414 2907 453,
442 2825 487 2906 3),
521 2824 544 2909 ἦ
578 2822 613 2887 δὲ
640 2828 874 2907 περιπατοῦντα
901 2824 964 2911 ἔφη
995 2825 1106 2888 torreo
1133 2823 1214 2906 perd
1239 2829 1302 2890 τοῦ

224 2927 442 3012 Ἀρισταινέτου
466 2925 575 2991 νεῦσαι
597 2924 716 3014 πόῤῥω,
751 2926 872 2994 ἐκεῖνον
896 2928 931 2993 dd
953 2926 1187 3013 ἐρυθριάσαντα
1210 2925 1301 2993 κάτω

227 3031 305 3115 ὁρᾶν
321 3030 373 3093 καὶ
387 3035 497 3117 μηκέτι
512 3041 717 3116 παρενεγκεῖν
732 3030 786 3096 τόν
799 3030 985 3115 ὀφθαλμόν,
1000 3034 1057 3099 ubi
1070 3042 1301 3116 προσενεγκεῖν·
1323 3064 1326 3068 ·

228 3135 400 3201 dicendum
435 3142 512 3202 erat.
557 3137 680 3202 Ibidem
715 3158 783 3222 (ιαμ.
808 3139 827 3202 3
850 3134 938 3219 (453,
957 3136 1013 3219 22)
1048 3158 1120 3202 oum
1154 3138 1301 3221 epistula

227 3237 442 3305 adolescentis
465 3242 601 3323 incipiat
625 3261 643 3305 a
668 3241 772 3306 verbis
793 3243 862 3310 πῶς
880 3237 940 3320 μὲν
956 3237 1099 3327 ἐφίλησα
1113 3258 1160 3320 σε,
1183 3242 1301 3325 puella

228 3342 376 3425 queritur
399 3339 470 3403 αἷαῖ
488 3339 597 3421 νιίλαν,
620 3340 695 3407 οὐδὲ
717 3340 752 3406 τὸ
775 3344 895 3427 χαίρειν
918 3348 1124 3429 προέγραψεν
1139 3343 1301 3426 (traditur

226 3444 481 3529 προσέγραψεν),
504 3450 540 3511 ut
562 3448 632 3531 ipso
648 3446 811 3513 Luoianus
835 3448 918 3513 dixit
941 3451 974 3513 in
998 3448 1108 3514 libello
1121 3447 1182 3512 Pro
1199 3448 1301 3533 lapsu

226 3546 309 3632 (dap.
327 3551 361 3629 33
385 3548 585 3630 11,143,13)
607 3549 643 3612 ἐν
669 3549 836 3637 ἐπιστολῆς
863 3548 899 3614 δὲ
926 3547 1006 3636 α’ρχῇ
1029 3551 1139 3615 Κλέων
1161 3548 1180 3615 d
1203 3549 1299 3638 Ἀθη-

225 3650 325 3713 ναίων
338 3650 524 3735 δημαγωγὸς
540 3649 605 3716 αἶπὸ
619 3655 823 3740 Σφακτηρίας
835 3657 962 3738 πρῶτον
973 3656 1094 3734 χαίρειν
1105 3649 1300 3741 προῦθηκεν

227 3753 297 3833 (ubi
320 3774 383 3820 non
406 3757 531 3838 πρῶτος
553 3757 675 3840 χαίρειν
698 3753 884 3844 προῦθηκεν
908 3782 980 3826 oum
996 3759 1213 3826 Herwerdeno
1237 3761 1300 3826 sed

225 3860 351 3940 πρῶτος
373 3856 408 3921 τὸ
428 3859 549 3942 χαίρειν
564 3856 752 3945 προῦθηκεν
768 3863 972 3929 scribendum
989 3862 1052 3945 est)
1069 3869 1102 3929 et
1117 3861 1298 3949 Chrysalus

227 3964 259 4027 in
295 3963 402 4028 Plauti
438 3962 653 4030 Baoohidibus
691 3964 735 4046 (v.
773 3964 869 4046 1000)
910 3987 990 4047 „uon
1028 3968 1118 4050 prius
1155 3967 1296 4033 salutem

227 4063 397 4152 sor·ipsit?“
423 4065 643 4151 Depravatum
668 4090 739 4136 esse
764 4074 899 4154 apparet
914 4071 1009 4134 etiam
1027 4069 1112 4151 111,1
1130 4068 1219 4152 (454,
1237 4070 1298 4152 25)

225 4166 270 4254 μη
295 4165 488 4254 οἶποκριίψης
510 4189 563 4249 με,
591 4167 634 4240 οἷς
659 4167 700 4235 do
722 4170 773 4234 καὶΙ
795 4176 884 4235 τοῦτο
908 4169 1082 4235 ιίπολαιίσω
1105 4174 1161 4258 τῆς
1182 4172 1299 4248 νυκτὸς

225 4269 456 4358 ιῖγροπνησασα
483 4270 562 4353 μετὰ
591 4277 659 4354 σοῦ,
692 4278 749 4343 ubi
778 4278 964 4361 scriptorem
994 4277 1121 4343 dedisse
1148 4281 1226 4361 puto
1250 4279 1299 4352 οἷς

224 4373 276 4435 καὶ
304 4371 344 4438 ἄν
367 4375 433 4457 (vel
459 4378 569 4462 potius
595 4374 670 4461 κίίν)
693 4383 782 4443 τοῦτο
810 4375 996 4460 α’παλαύσω,
1029 4387 1065 4447 ut
1099 4381 1182 4448 dixit
1217 4383 1296 4451 dial.
