3036 5002
481 429 691 491 -95-

57 613 122 679 iam
144 614 176 678 in
201 615 309 680 codiee
335 635 397 699 quo
423 637 502 681 usus
526 619 575 680 est
589 616 746 698 interpres
762 614 898 681 Luciani
912 616 1012 681 verba
1026 616 1119 682 aliter

57 735 150 800 quam
181 719 215 783 in
243 719 361 784 nostris
389 721 510 804 scripta
534 719 635 784 fuisse
664 722 799 798 constet,
833 719 889 784 sed
923 720 955 784 in
988 720 1118 801 talibus,

57 821 140 903 quod
174 821 238 886 iam
274 822 357 887 vidit
378 821 602 901 Hoffmannus‚
637 822 769 887 minime
797 843 926 907 semper
952 823 1118 889 meliorem

55 927 164 989 textus
197 926 333 990 formam
368 925 468 990 codex
502 925 557 989 ille
587 924 710 1005 habuit,
743 926 842 990 immo
866 926 995 991 videtur
1016 927 1119 1008 magis

56 1025 152 1092 otiam
170 1046 266 1110 quam
284 1029 384 1094 nostri
401 1027 613 1111 interpolatus
626 1028 737 1093 fuisse.
761 1027 837 1112 (lap.
852 1031 870 1092 2
883 1026 970 1111 (pag.
983 1028 1119 1109 422,19)

56 1136 140 1197 recte
162 1130 291 1196 codices
314 1131 446 1196 tradunt
466 1135 614 1192 κατεῖπεν
636 1127 732 1193 αὐτοῦ
752 1129 834 1215 πρὸς
849 1128 903 1194 τδν
919 1131 1119 1211 Πτολεμαῖον

57 1230 100 1302 οἷς
132 1232 180 1319 εἴη
214 1229 449 1319 κεκοινωνηκιδς
474 1235 536 1296 τοῖν
563 1228 657 1311 ὅλον,
691 1254 772 1318 quae
799 1236 840 1300 ad
866 1236 1117 1300 coniurationem

57 1344 150 1404 antea
186 1342 467 1402 commemoratam
505 1341 651 1421 spectare
690 1339 768 1404 satis
805 1343 952 1422 apertum
987 1343 1047 1418 est,
1084 1339 1119 1403 in

18 1504 22 1511 ,
55 1440 318 1524 interpretatione
335 1440 468 1525 Syriaca
490 1447 539 1506 est
564 1462 623 1521 „an
643 1441 728 1521 dem,
751 1462 817 1507 was
833 1443 867 1506 in
883 1441 986 1526 Tyrus
1001 1441 1117 1524 gethan

56 1541 198 1609 wurde“.
233 1543 309 1628 Cap.
327 1546 365 1607 27
391 1543 444 1624 (11,
460 1547 533 1622 429,
551 1543 606 1624 17)
631 1548 680 1609 est
702 1546 735 1608 in
759 1544 925 1610 codicibus
946 1545 976 1606 τί
997 1542 1055 1627 γάρ
1078 1540 1119 1608 ἄν

56 1667 99 1715 τις
119 1641 143 1731 η’
165 1644 220 1709 τὸν
242 1643 394 1730 Σωκράτη
417 1645 500 1725 λέγοι
522 1644 576 1708 τὸν
598 1643 714 1717 άδίκιος
735 1644 817 1730 πρὸς
839 1646 912 1716 τούς
933 1644 1119 1732 Ἀθηναίους

57 1748 308 1834 διαβεβλημένον
331 1746 375 1819 uir
397 1745 500 1834 α’σεβη
521 1747 573 1811 καὶ
594 1749 768 1831 ἐπίβουλον
790 1774 809 1835 η
834 1748 889 1815 τὸν
905 1750 1118 1830 Θεμιστοκλέα

55 1847 77 1936 η’
98 1848 153 1914 τὸν
168 1850 359 1937 Μιλτιάδην,
383 1849 454 1922 τοὺς
476 1851 559 1933 μετά·
577 1850 760 1938 τηλικαύτας
781 1853 871 1923 νίκας
893 1851 947 1916 ἐπὶ
960 1853 1118 1937 προδοσίᾳ

55 1958 109 2041 τῆς
129 1952 278 2024 Ἑλλάδος
301 1951 464 2025 ὑπόπτους
487 1958 693 2037 γενομένονςς
725 1957 774 2022 De
797 1955 927 2022 Socrate
959 1959 1041 2023 illud
1075 1955 1119 2028 οἷς

56 2055 158 2143 άσεβη
185 2055 236 2119 καὶ
262 2055 436 2140 ἐπίβουλον
463 2082 525 2125 non
548 2062 644 2126 nimis
668 2065 815 2125 accurate
840 2060 968 2141 dicitur,
1001 2061 1118 2128 melius

55 2169 160 2228 tamen
195 2162 270 2227 huic
303 2163 372 2229 loco
401 2166 549 2229 convenit
575 2165 653 2229 haec
680 2163 820 2228 brevitas
848 2183 944 2248 quam
972 2166 1058 2248 quod
1084 2167 1117 2230 in

55 2267 238 2350 interpretis
265 2266 474 2347 seduceret,
502 2268 549 2332 ita
572 2286 756 2350 expressum
781 2268 821 2333 ab
844 2266 1046 2350 Hoffmauno‚
1075 2266 1118 2339 οἷς

54 2367 153 2439 tecte
186 2365 359 2449 α’γνοοῦντα
391 2366 443 2431 καλ
469 2367 651 2451 βλάπτοντα
678 2367 749 2438 τούς
775 2367 1009 2455 πλησιάζοντας
1035 2369 1118 2456 αὐτῷ

55 2473 190 2554 (rectius
223 2470 266 2540 οἷς
299 2469 398 2541 θεοὺς
431 2469 469 2536 οὐ
503 2475 673 2553 νομίζοντα
706 2470 757 2534 καὶ
790 2473 1018 2557 διαφθείροντα
1046 2474 1118 2546 τούς

56 2571 208 2644 συνόντας
234 2570 333 2659 αὐτῷ)
362 2578 383 2641 i.
408 2598 435 2642 e.
462 2577 535 2660 ipsa
561 2579 628 2641 fere
655 2577 869 2642 accusationis
893 2578 1001 2658 verba,
1035 2597 1117 2661 quae

55 2681 131 2764 quin
158 2700 220 2745 non
248 2681 288 2743 ab
315 2680 443 2744 homino
469 2679 549 2765 Syro
578 2679 634 2744 sed
662 2701 681 2743 a
707 2680 915 2761 grammatico
940 2679 1060 2746 Graeco
1084 2684 1115 2746 in

56 2783 222 2867 scriptoris
256 2783 353 2847 uerba
387 2784 477 2848 illata
509 2783 573 2847 sint
607 2781 747 2847 dubitari
776 2783 830 2846 vix
857 2786 974 2866 potest.
1025 2783 1117 2861 Quod

56 2906 123 2971 cap.
144 2889 165 2950 4
192 2882 244 2965 (ΙΙ,
261 2888 334 2965 422,
352 2885 407 2967 37)
435 2886 535 2951 codex
559 2883 829 2966 Guelferbytanus
853 2884 880 2950 G
907 2885 995 2951 solus
1021 2887 1118 2953 habet

55 2990 259 3068 μεταγνῶναι,
293 2991 388 3054 ceteri
416 2987 643 3073 αι’σχονβηναι,
677 2989 899 3072 interpretatio
922 2992 1118 3069 μεταγνῶναι

53 3089 104 3153 καὶ
137 3088 360 3177 erexeramus,
394 3093 535 3157 notabile
559 3097 618 3171 est,
653 3111 848 3175 quamquam
872 3093 968 3159 nolim
995 3116 1035 3159 ex
1057 3095 1117 3160 hac

55 3216 88 3261 re
123 3196 299 3280 quidquam
334 3195 535 3260 concludere.
580 3195 828 3278 interpolatione
864 3195 992 3262 videtur
1020 3199 1116 3264 etiam

54 3300 175 3365 factum
199 3319 270 3363 esse
294 3302 330 3362 ut
353 3319 420 3381 cap.
440 3301 478 3362 12
494 3298 583 3379 (425,
600 3297 655 3378 24)
671 3298 831 3382 interpres
854 3299 971 3365 habeat
992 3298 1043 3362 καὶ
1061 3304 1118 3386 ιη”ς

54 3404 108 3463 τοῦ
123 3398 367 3470 δυναστεύοντος
383 3400 490 3481 φιλίας
505 3397 821 3480 τίποσκεοασάμενος,
843 3402 969 3468 codices
985 3403 1115 3468 Luciani

53 3502 103 3566 καὶ
129 3506 185 3589 τῆς
211 3503 317 3585 φιλίας
345 3501 660 3584 άποσκεοασάμενος,
687 3505 742 3568 ubi
765 3505 846 3569 nihil
869 3506 1009 3590 amplius
1032 3507 1117 3572 desi·

55 3608 196 3674 deratur.
252 3607 281 3672 N
286 3629 324 3672 on
363 3610 471 3673 miuus
508 3612 619 3691 aperta
656 3612 706 3672 est
741 3609 997 3691 interpolationis
1034 3611 1116 3675 ratio

54 3731 122 3796 cap.
142 3714 182 3775 14
205 3709 293 3791 (426,
311 3711 375 3791 10),
409 3712 464 3776 ubi
493 3710 733 3775 calumniatoris
760 3711 859 3776 verba
879 3710 902 3797 ηί
924 3711 1115 3795 Στρατονίκη

53 3810 134 3896 πρὸς
160 3808 256 3876 αὐτὸν
283 3809 320 3874 οδ
343 3810 429 3892 μάλα
451 3811 559 3898 δηδῶς
580 3815 612 3878 in
636 3814 899 3897 interpretatione
925 3814 1117 3899 supplentur

53 3914 75 4001 η
89 3915 281 4000 Στρατονίκη
304 3910 384 3997 πρὸς
403 3911 499 3979 αὐτὸν
515 3912 553 3978 ori
567 3912 654 3995 μάλα
670 3912 770 4000 ιίηδης
785 3922 958 3999 στραφεῖσα
974 3913 1116 3994 α’πεῖδεν,

55 4023 110 4085 aut
132 4039 200 4103 cap.
219 4023 258 4083 12
282 4017 369 4100 (425,
386 4020 442 4101 27)
466 4020 568 4085 additi
591 4021 658 4096 δεῖ,
681 4018 765 4103 quod
788 4021 886 4085 etiam
909 4021 942 4084 in
966 4019 1116 4085 codiceP

54 4123 280 4208 interpolatum
307 4127 365 4188 est.

138 4225 190 4292 Ex
212 4226 252 4290 iis
273 4245 354 4308 quae
377 4227 497 4292 rectius
519 4227 552 4290 in
574 4225 837 4310 interpretatione
853 4227 1004 4308 leguntur
1020 4245 1116 4309 quam

54 4329 87 4393 in
120 4328 286 4394 codicibus
310 4328 478 4396 Lucianeis
511 4349 586 4412 pars
619 4328 682 4393 iam
719 4333 814 4395 antea
841 4329 1007 4394 doctorum
1041 4347 1116 4394 oon·
