<?xml version="1.0" encoding="UTF-8"?>
<!DOCTYPE html PUBLIC "-//W3C//DTD XHTML 1.0 Transitional//EN"
    "http://www.w3.org/TR/xhtml1/DTD/xhtml1-transitional.dtd">
<html xmlns="http://www.w3.org/1999/xhtml" xml:lang="en" lang="en">
 <head>
  <title>
</title>
<meta http-equiv="Content-Type" content="text/html;charset=utf-8" />
  <meta name='ocr-system' content='tesseract 3.04.00' />
  <meta name='ocr-capabilities' content='ocr_page ocr_carea ocr_par ocr_line ocrx_word'/>
</head>
<body>
  <div class='ocr_page' id='page_1' title='image "./quaestionesluci00rothgoog_0028.png"; bbox 0 0 3036 5002; ppageno 0'>
   <div class='ocr_carea' id='block_1_1' title="bbox 609 467 798 528">
    <p class='ocr_par' dir='ltr' id='par_1_1' title="bbox 609 467 798 528">
     <span class='ocr_line' id='line_1_1' title="bbox 609 467 798 528; baseline 0.011 -22"><span class='ocrx_word' id='word_1_1' title='bbox 609 467 798 528; x_wconf 61' lang='lat'><strong>,7-</strong></span> 
     </span>
    </p>
   </div>
   <div class='ocr_carea' id='block_1_2' title="bbox 302 645 844 1535">
    <p class='ocr_par' dir='ltr' id='par_1_2' title="bbox 383 645 844 936">
     <span class='ocr_line' id='line_1_2' title="bbox 383 645 844 735; baseline 0.004 -22"><span class='ocrx_word' id='word_1_2' title='bbox 383 645 480 728; x_wconf 85' lang='lat' dir='ltr'><strong>(Rhet</strong></span> <span class='ocrx_word' id='word_1_3' title='bbox 482 671 572 714; x_wconf 92' lang='lat' dir='ltr'><strong>orum</strong></span> <span class='ocrx_word' id='word_1_4' title='bbox 595 651 808 735; x_wconf 79' lang='lat' dir='ltr'><strong>praeceptor).</strong></span> <span class='ocrx_word' id='word_1_5' title='bbox 818 651 844 729; x_wconf 83' lang='lat'>)</span> 
     </span>
     <span class='ocr_line' id='line_1_3' title="bbox 327 751 577 818; baseline 0 -2"><span class='ocrx_word' id='word_1_6' title='bbox 327 751 530 817; x_wconf 74' lang='lat' dir='ltr'><strong>Alexan(</strong></span> <span class='ocrx_word' id='word_1_7' title='bbox 518 753 577 818; x_wconf 92' lang='lat' dir='ltr'><strong>er</strong></span> 
     </span>
     <span class='ocr_line' id='line_1_4' title="bbox 383 853 552 936; baseline 0.013 -19"><span class='ocrx_word' id='word_1_8' title='bbox 383 853 552 936; x_wconf 78' lang='lat' dir='ltr'>Imagines</span> 
     </span>
    </p>

    <p class='ocr_par' dir='ltr' id='par_1_3' title="bbox 304 955 640 1040">
     <span class='ocr_line' id='line_1_5' title="bbox 304 955 640 1040; baseline 0.009 -20"><span class='ocrx_word' id='word_1_9' title='bbox 304 959 345 1020; x_wconf 93' lang='grc'><strong>44</strong></span> <span class='ocrx_word' id='word_1_10' title='bbox 384 955 432 1021; x_wconf 94' lang='lat' dir='ltr'><strong>De</strong></span> <span class='ocrx_word' id='word_1_11' title='bbox 455 956 516 1021; x_wconf 88' lang='lat' dir='ltr'><strong>dea</strong></span> <span class='ocrx_word' id='word_1_12' title='bbox 537 955 640 1040; x_wconf 82' lang='lat' dir='ltr'><strong>Syria.</strong></span> 
     </span>
    </p>

    <p class='ocr_par' dir='ltr' id='par_1_4' title="bbox 305 1057 634 1125">
     <span class='ocr_line' id='line_1_6' title="bbox 305 1057 634 1125; baseline 0.003 -3"><span class='ocrx_word' id='word_1_13' title='bbox 305 1062 346 1123; x_wconf 99' lang='grc'><strong>45</strong></span> <span class='ocrx_word' id='word_1_14' title='bbox 383 1057 432 1123; x_wconf 90' lang='lat' dir='ltr'><strong>De</strong></span> <span class='ocrx_word' id='word_1_15' title='bbox 455 1059 634 1125; x_wconf 76' lang='lat' dir='ltr'>saltatione.</span> 
     </span>
    </p>

    <p class='ocr_par' dir='ltr' id='par_1_5' title="bbox 305 1159 597 1245">
     <span class='ocr_line' id='line_1_7' title="bbox 305 1159 597 1245; baseline 0 -20"><span class='ocrx_word' id='word_1_16' title='bbox 305 1163 345 1225; x_wconf 88' lang='grc'><strong>46</strong></span> <span class='ocrx_word' id='word_1_17' title='bbox 384 1159 597 1245; x_wconf 80' lang='lat' dir='ltr'><strong>Lexiphanes.</strong></span> 
     </span>
    </p>

    <p class='ocr_par' dir='ltr' id='par_1_6' title="bbox 305 1262 568 1328">
     <span class='ocr_line' id='line_1_8' title="bbox 305 1262 568 1328; baseline -0.008 0"><span class='ocrx_word' id='word_1_18' title='bbox 305 1267 343 1328; x_wconf 84' lang='grc'>47</span> <span class='ocrx_word' id='word_1_19' title='bbox 383 1262 568 1328; x_wconf 75' lang='lat' dir='ltr'><strong>Eunuchus,</strong></span> 
     </span>
    </p>

    <p class='ocr_par' dir='ltr' id='par_1_7' title="bbox 303 1365 577 1447">
     <span class='ocr_line' id='line_1_9' title="bbox 303 1365 577 1447; baseline -0.004 -16"><span class='ocrx_word' id='word_1_20' title='bbox 303 1368 343 1431; x_wconf 88' lang='grc'><strong>48</strong></span> <span class='ocrx_word' id='word_1_21' title='bbox 381 1365 577 1447; x_wconf 80' lang='lat' dir='ltr'><strong>Astrologia.</strong></span> 
     </span>
    </p>

    <p class='ocr_par' dir='ltr' id='par_1_8' title="bbox 302 1469 526 1535">
     <span class='ocr_line' id='line_1_10' title="bbox 302 1469 526 1535; baseline -0.009 -1"><span class='ocrx_word' id='word_1_22' title='bbox 302 1472 342 1535; x_wconf 89' lang='grc'><strong>49</strong></span> <span class='ocrx_word' id='word_1_23' title='bbox 380 1469 526 1533; x_wconf 89' lang='lat' dir='ltr'><strong>Amores.</strong></span> 
     </span>
    </p>
   </div>
   <div class='ocr_carea' id='block_1_3' title="bbox 303 1571 671 1740">
    <p class='ocr_par' dir='ltr' id='par_1_9' title="bbox 303 1571 671 1740">
     <span class='ocr_line' id='line_1_11' title="bbox 303 1571 671 1653; baseline -0.005 -16"><span class='ocrx_word' id='word_1_24' title='bbox 303 1574 344 1637; x_wconf 85' lang='lat'><strong>50</strong></span> <span class='ocrx_word' id='word_1_25' title='bbox 381 1571 443 1635; x_wconf 95' lang='lat' dir='ltr'><strong>Pro</strong></span> <span class='ocrx_word' id='word_1_26' title='bbox 466 1572 671 1653; x_wconf 80' lang='lat' dir='ltr'><strong>imaginibus,</strong></span> 
     </span>
     <span class='ocr_line' id='line_1_12' title="bbox 304 1672 661 1740; baseline -0.003 -1"><span class='ocrx_word' id='word_1_27' title='bbox 304 1676 341 1739; x_wconf 84' lang='lat'><strong>51</strong></span> <span class='ocrx_word' id='word_1_28' title='bbox 382 1672 431 1738; x_wconf 93' lang='lat' dir='ltr'><strong>De</strong></span> <span class='ocrx_word' id='word_1_29' title='bbox 454 1673 506 1738; x_wconf 90' lang='lat' dir='ltr'><strong>die</strong></span> <span class='ocrx_word' id='word_1_30' title='bbox 529 1675 661 1740; x_wconf 85' lang='lat' dir='ltr'><strong>nefasto.</strong></span> 
     </span>
    </p>
   </div>
   <div class='ocr_carea' id='block_1_4' title="bbox 304 1775 729 1963">
    <p class='ocr_par' dir='ltr' id='par_1_10' title="bbox 304 1775 729 1963">
     <span class='ocr_line' id='line_1_13' title="bbox 304 1775 729 1844; baseline 0 -2"><span class='ocrx_word' id='word_1_31' title='bbox 304 1778 345 1842; x_wconf 76' lang='lat'><strong>52</strong></span> <span class='ocrx_word' id='word_1_32' title='bbox 383 1775 525 1841; x_wconf 86' lang='lat' dir='ltr'><strong>Deorum</strong></span> <span class='ocrx_word' id='word_1_33' title='bbox 548 1778 729 1844; x_wconf 86' lang='lat' dir='ltr'><strong>oonoiiium.</strong></span> 
     </span>
     <span class='ocr_line' id='line_1_14' title="bbox 305 1879 607 1963; baseline 0.007 -20"><span class='ocrx_word' id='word_1_34' title='bbox 305 1880 345 1943; x_wconf 89' lang='grc'><strong>53</strong></span> <span class='ocrx_word' id='word_1_35' title='bbox 385 1879 607 1963; x_wconf 79' lang='lat' dir='ltr'><strong>Tyrannicida.</strong></span> 
     </span>
    </p>
   </div>
   <div class='ocr_carea' id='block_1_5' title="bbox 303 646 582 3607">
    <p class='ocr_par' dir='ltr' id='par_1_11' title="bbox 303 646 582 3607">
     <span class='ocr_line' id='line_1_15' title="bbox 303 646 360 729; baseline 0 0"><span class='ocrx_word' id='word_1_36' title='bbox 303 646 360 729; x_wconf 98' lang='grc'>41)</span> 
     </span>
     <span class='ocr_line' id='line_1_16' title="bbox 304 750 361 831; baseline 0 0"><span class='ocrx_word' id='word_1_37' title='bbox 304 750 361 831; x_wconf 96' lang='grc'>4)</span> 
     </span>
     <span class='ocr_line' id='line_1_17' title="bbox 304 852 360 933; baseline 0 0"><span class='ocrx_word' id='word_1_38' title='bbox 304 852 360 933; x_wconf 92' lang='grc'><strong>3)</strong></span> 
     </span>
     <span class='ocr_line' id='line_1_18' title="bbox 346 955 361 1038; baseline 0 0"><span class='ocrx_word' id='word_1_39' title='bbox 346 955 361 1038; x_wconf 90' lang='grc'>)</span> 
     </span>
     <span class='ocr_line' id='line_1_19' title="bbox 347 1056 362 1139; baseline 0 0"><span class='ocrx_word' id='word_1_40' title='bbox 347 1056 362 1139; x_wconf 96' lang='grc'>)</span> 
     </span>
     <span class='ocr_line' id='line_1_20' title="bbox 347 1161 361 1240; baseline 0 0"><span class='ocrx_word' id='word_1_41' title='bbox 347 1161 361 1240; x_wconf 98' lang='grc'>)</span> 
     </span>
     <span class='ocr_line' id='line_1_21' title="bbox 346 1261 361 1344; baseline 0 0"><span class='ocrx_word' id='word_1_42' title='bbox 346 1261 361 1344; x_wconf 96' lang='grc'>)</span> 
     </span>
     <span class='ocr_line' id='line_1_22' title="bbox 344 1364 359 1446; baseline 0 0"><span class='ocrx_word' id='word_1_43' title='bbox 344 1364 359 1446; x_wconf 94' lang='grc'>)</span> 
     </span>
     <span class='ocr_line' id='line_1_23' title="bbox 343 1467 358 1550; baseline 0 0"><span class='ocrx_word' id='word_1_44' title='bbox 343 1467 358 1550; x_wconf 90' lang='grc'>)</span> 
     </span>
     <span class='ocr_line' id='line_1_24' title="bbox 344 1569 359 1652; baseline 0 0"><span class='ocrx_word' id='word_1_45' title='bbox 344 1569 359 1652; x_wconf 96' lang='grc'>)</span> 
     </span>
     <span class='ocr_line' id='line_1_25' title="bbox 345 1672 359 1755; baseline 0 0"><span class='ocrx_word' id='word_1_46' title='bbox 345 1672 359 1755; x_wconf 98' lang='grc'>)</span> 
     </span>
     <span class='ocr_line' id='line_1_26' title="bbox 346 1776 362 1959; baseline 0 0"><span class='ocrx_word' id='word_1_47' title='bbox 346 1776 362 1959; x_wconf 77' lang='grc' dir='ltr'><strong>Ι</strong></span> 
     </span>
     <span class='ocr_line' id='line_1_27' title="bbox 305 1979 572 2062; baseline -0.004 -16"><span class='ocrx_word' id='word_1_48' title='bbox 305 1979 360 2062; x_wconf 89' lang='grc'><strong>54)</strong></span> <span class='ocrx_word' id='word_1_49' title='bbox 382 1981 572 2048; x_wconf 73' lang='lat' dir='ltr'><strong>Abdicatus.</strong></span> 
     </span>
     <span class='ocr_line' id='line_1_28' title="bbox 303 2082 582 2166; baseline 0.007 -17"><span class='ocrx_word' id='word_1_50' title='bbox 303 2082 359 2165; x_wconf 86' lang='grc'><strong>55)</strong></span> <span class='ocrx_word' id='word_1_51' title='bbox 381 2085 582 2166; x_wconf 81' lang='lat' dir='ltr'><strong>Peregrinus.</strong></span> 
     </span>
     <span class='ocr_line' id='line_1_29' title="bbox 342 2288 357 2371; baseline 0 0"><span class='ocrx_word' id='word_1_52' title='bbox 342 2288 357 2371; x_wconf 89' lang='lat'>)</span> 
     </span>
     <span class='ocr_line' id='line_1_30' title="bbox 343 2393 358 2475; baseline 0 0"><span class='ocrx_word' id='word_1_53' title='bbox 343 2393 358 2475; x_wconf 93' lang='lat'><em>)</em></span> 
     </span>
     <span class='ocr_line' id='line_1_31' title="bbox 343 2495 358 2577; baseline 0 0"><span class='ocrx_word' id='word_1_54' title='bbox 343 2495 358 2577; x_wconf 91' lang='lat'><em>)</em></span> 
     </span>
     <span class='ocr_line' id='line_1_32' title="bbox 344 2598 359 2681; baseline 0 0"><span class='ocrx_word' id='word_1_55' title='bbox 344 2598 359 2681; x_wconf 83' lang='lat'><em>)</em></span> 
     </span>
     <span class='ocr_line' id='line_1_33' title="bbox 343 2704 357 2783; baseline 0 0"><span class='ocrx_word' id='word_1_56' title='bbox 343 2704 357 2783; x_wconf 95' lang='grc'>)</span> 
     </span>
     <span class='ocr_line' id='line_1_34' title="bbox 344 2801 357 2886; baseline 0 0"><span class='ocrx_word' id='word_1_57' title='bbox 344 2801 357 2886; x_wconf 98' lang='grc'>)</span> 
     </span>
     <span class='ocr_line' id='line_1_35' title="bbox 343 2907 358 2990; baseline 0 0"><span class='ocrx_word' id='word_1_58' title='bbox 343 2907 358 2990; x_wconf 96' lang='grc'>)</span> 
     </span>
     <span class='ocr_line' id='line_1_36' title="bbox 342 3009 357 3092; baseline 0 0"><span class='ocrx_word' id='word_1_59' title='bbox 342 3009 357 3092; x_wconf 96' lang='grc'>)</span> 
     </span>
     <span class='ocr_line' id='line_1_37' title="bbox 344 3112 359 3193; baseline 0 0"><span class='ocrx_word' id='word_1_60' title='bbox 344 3112 359 3193; x_wconf 95' lang='grc'>)</span> 
     </span>
     <span class='ocr_line' id='line_1_38' title="bbox 344 3219 356 3294; baseline 0 0"><span class='ocrx_word' id='word_1_61' title='bbox 344 3219 356 3294; x_wconf 94' lang='grc'>)</span> 
     </span>
     <span class='ocr_line' id='line_1_39' title="bbox 341 3319 356 3402; baseline 0 0"><span class='ocrx_word' id='word_1_62' title='bbox 341 3319 356 3402; x_wconf 96' lang='grc'>)</span> 
     </span>
     <span class='ocr_line' id='line_1_40' title="bbox 341 3422 356 3505; baseline 0 0"><span class='ocrx_word' id='word_1_63' title='bbox 341 3422 356 3505; x_wconf 96' lang='grc'>)</span> 
     </span>
     <span class='ocr_line' id='line_1_41' title="bbox 341 3525 356 3607; baseline 0 0"><span class='ocrx_word' id='word_1_64' title='bbox 341 3525 356 3607; x_wconf 92' lang='grc'>)</span> 
     </span>
    </p>
   </div>
   <div class='ocr_carea' id='block_1_6' title="bbox 300 2187 899 3387">
    <p class='ocr_par' dir='ltr' id='par_1_12' title="bbox 303 2187 533 2270">
     <span class='ocr_line' id='line_1_42' title="bbox 303 2187 533 2270; baseline -0.004 -18"><span class='ocrx_word' id='word_1_65' title='bbox 303 2190 342 2252; x_wconf 86' lang='grc'><strong>56</strong></span> <span class='ocrx_word' id='word_1_66' title='bbox 380 2187 533 2270; x_wconf 85' lang='lat' dir='ltr'><strong>Fugitivi.</strong></span> 
     </span>
    </p>

    <p class='ocr_par' dir='ltr' id='par_1_13' title="bbox 302 2290 523 2357">
     <span class='ocr_line' id='line_1_43' title="bbox 302 2290 523 2357; baseline 0 -2"><span class='ocrx_word' id='word_1_67' title='bbox 302 2293 340 2355; x_wconf 84' lang='lat'><strong>57</strong></span> <span class='ocrx_word' id='word_1_68' title='bbox 380 2290 523 2357; x_wconf 84' lang='lat' dir='ltr'><strong>Toxaris.</strong></span> 
     </span>
    </p>

    <p class='ocr_par' dir='ltr' id='par_1_14' title="bbox 302 2393 845 2682">
     <span class='ocr_line' id='line_1_44' title="bbox 303 2393 783 2459; baseline -0.002 -1"><span class='ocrx_word' id='word_1_69' title='bbox 303 2396 342 2458; x_wconf 90' lang='grc'><strong>58</strong></span> <span class='ocrx_word' id='word_1_70' title='bbox 382 2393 607 2459; x_wconf 80' lang='lat' dir='ltr'><strong>Demosthenis</strong></span> <span class='ocrx_word' id='word_1_71' title='bbox 631 2394 783 2459; x_wconf 86' lang='lat' dir='ltr'><strong>laudatio.</strong></span> 
     </span>
     <span class='ocr_line' id='line_1_45' title="bbox 302 2495 845 2563; baseline 0.002 -3"><span class='ocrx_word' id='word_1_72' title='bbox 302 2500 341 2560; x_wconf 80' lang='grc'><strong>59</strong></span> <span class='ocrx_word' id='word_1_73' title='bbox 380 2495 429 2562; x_wconf 91' lang='lat' dir='ltr'><strong>De</strong></span> <span class='ocrx_word' id='word_1_74' title='bbox 451 2496 586 2561; x_wconf 88' lang='lat' dir='ltr'><strong>historia</strong></span> <span class='ocrx_word' id='word_1_75' title='bbox 609 2497 845 2563; x_wconf 84' lang='lat' dir='ltr'><strong>oonsoribonda.</strong></span> 
     </span>
     <span class='ocr_line' id='line_1_46' title="bbox 302 2598 552 2682; baseline -0.008 -18"><span class='ocrx_word' id='word_1_76' title='bbox 302 2601 343 2664; x_wconf 90' lang='lat'><strong>60</strong></span> <span class='ocrx_word' id='word_1_77' title='bbox 381 2598 552 2682; x_wconf 87' lang='lat' dir='ltr'><strong>Dipsades.</strong></span> 
     </span>
    </p>

    <p class='ocr_par' dir='ltr' id='par_1_15' title="bbox 301 2701 544 2767">
     <span class='ocr_line' id='line_1_47' title="bbox 301 2701 544 2767; baseline 0 0"><span class='ocrx_word' id='word_1_78' title='bbox 301 2705 338 2767; x_wconf 82' lang='lat'><strong>61</strong></span> <span class='ocrx_word' id='word_1_79' title='bbox 380 2701 544 2767; x_wconf 82' lang='lat' dir='ltr'><strong>Croniaoa.</strong></span> 
     </span>
    </p>

    <p class='ocr_par' dir='ltr' id='par_1_16' title="bbox 301 2804 575 2871">
     <span class='ocr_line' id='line_1_48' title="bbox 301 2804 575 2871; baseline 0 -1"><span class='ocrx_word' id='word_1_80' title='bbox 301 2808 341 2870; x_wconf 75' lang='lat'><strong>62</strong></span> <span class='ocrx_word' id='word_1_81' title='bbox 379 2804 575 2871; x_wconf 80' lang='lat' dir='ltr'><strong>Herodotus</strong></span> 
     </span>
    </p>

    <p class='ocr_par' dir='ltr' id='par_1_17' title="bbox 303 2908 507 2974">
     <span class='ocr_line' id='line_1_49' title="bbox 303 2908 507 2974; baseline -0.015 -1"><span class='ocrx_word' id='word_1_82' title='bbox 303 2910 342 2974; x_wconf 85' lang='lat'><strong>63</strong></span> <span class='ocrx_word' id='word_1_83' title='bbox 380 2908 507 2974; x_wconf 84' lang='lat' dir='ltr'><strong>Zeuxis.</strong></span> 
     </span>
    </p>

    <p class='ocr_par' dir='ltr' id='par_1_18' title="bbox 302 3010 899 3198">
     <span class='ocr_line' id='line_1_50' title="bbox 302 3010 899 3095; baseline 0.003 -21"><span class='ocrx_word' id='word_1_84' title='bbox 302 3013 342 3075; x_wconf 92' lang='grc'>64</span> <span class='ocrx_word' id='word_1_85' title='bbox 377 3010 439 3077; x_wconf 89' lang='lat' dir='ltr'><strong>Pro</strong></span> <span class='ocrx_word' id='word_1_86' title='bbox 463 3011 555 3095; x_wconf 89' lang='lat' dir='ltr'><strong>lapsu</strong></span> <span class='ocrx_word' id='word_1_87' title='bbox 578 3012 663 3076; x_wconf 88' lang='lat' dir='ltr'><strong>inter</strong></span> <span class='ocrx_word' id='word_1_88' title='bbox 686 3012 899 3078; x_wconf 88' lang='lat' dir='ltr'><strong>salutandum.</strong></span> 
     </span>
     <span class='ocr_line' id='line_1_51' title="bbox 304 3114 548 3198; baseline -0.004 -19"><span class='ocrx_word' id='word_1_89' title='bbox 304 3116 342 3179; x_wconf 88' lang='lat'><strong>65</strong></span> <span class='ocrx_word' id='word_1_90' title='bbox 382 3114 548 3198; x_wconf 88' lang='lat' dir='ltr'><strong>Apologia.</strong></span> 
     </span>
    </p>

    <p class='ocr_par' dir='ltr' id='par_1_19' title="bbox 301 3215 603 3283">
     <span class='ocr_line' id='line_1_52' title="bbox 301 3215 603 3283; baseline -0.003 -1"><span class='ocrx_word' id='word_1_91' title='bbox 301 3219 340 3282; x_wconf 87' lang='lat'><strong>66</strong></span> <span class='ocrx_word' id='word_1_92' title='bbox 379 3215 603 3283; x_wconf 89' lang='lat' dir='ltr'><strong>Harmonides.</strong></span> 
     </span>
    </p>

    <p class='ocr_par' dir='ltr' id='par_1_20' title="bbox 300 3320 551 3387">
     <span class='ocr_line' id='line_1_53' title="bbox 300 3320 551 3387; baseline -0.004 -2"><span class='ocrx_word' id='word_1_93' title='bbox 300 3322 338 3385; x_wconf 82' lang='lat'><strong>67</strong></span> <span class='ocrx_word' id='word_1_94' title='bbox 379 3320 551 3387; x_wconf 85' lang='lat' dir='ltr'><strong>Hesiodus.</strong></span> 
     </span>
    </p>
   </div>
   <div class='ocr_carea' id='block_1_7' title="bbox 299 3421 696 3611">
    <p class='ocr_par' dir='ltr' id='par_1_21' title="bbox 299 3421 696 3611">
     <span class='ocr_line' id='line_1_54' title="bbox 300 3421 542 3507; baseline 0 -20"><span class='ocrx_word' id='word_1_95' title='bbox 300 3425 339 3488; x_wconf 91' lang='lat'><strong>68</strong></span> <span class='ocrx_word' id='word_1_96' title='bbox 379 3421 542 3507; x_wconf 80' lang='lat' dir='ltr'><strong>Scytha.‘·&#39;)</strong></span> 
     </span>
     <span class='ocr_line' id='line_1_55' title="bbox 299 3526 696 3611; baseline 0.003 -21"><span class='ocrx_word' id='word_1_97' title='bbox 299 3529 339 3590; x_wconf 81' lang='lat'><strong>69</strong></span> <span class='ocrx_word' id='word_1_98' title='bbox 379 3526 696 3611; x_wconf 87' lang='lat' dir='ltr'><strong>Tragoedopodagra.</strong></span> 
     </span>
    </p>
   </div>
   <div class='ocr_carea' id='block_1_8' title="bbox 168 3761 1230 4436">
    <p class='ocr_par' dir='ltr' id='par_1_22' title="bbox 168 3761 1230 4077">
     <span class='ocr_line' id='line_1_56' title="bbox 240 3761 1230 3832; baseline 0 -16"><span class='ocrx_word' id='word_1_99' title='bbox 240 3761 257 3829; x_wconf 91' lang='lat'><strong>¹)</strong></span> <span class='ocrx_word' id='word_1_100' title='bbox 276 3765 358 3817; x_wconf 86' lang='lat' dir='ltr'><strong>Periit</strong></span> <span class='ocrx_word' id='word_1_101' title='bbox 380 3764 484 3817; x_wconf 88' lang='lat' dir='ltr'><strong>libellus</strong></span> <span class='ocrx_word' id='word_1_102' title='bbox 507 3781 560 3816; x_wconf 89' lang='lat' dir='ltr'><strong>una</strong></span> <span class='ocrx_word' id='word_1_103' title='bbox 583 3782 640 3818; x_wconf 89' lang='lat' dir='ltr'><strong>eum</strong></span> <span class='ocrx_word' id='word_1_104' title='bbox 662 3764 714 3817; x_wconf 86' lang='lat' dir='ltr'><strong>fine</strong></span> <span class='ocrx_word' id='word_1_105' title='bbox 737 3766 917 3832; x_wconf 85' lang='lat' dir='ltr'><strong>praecedentis</strong></span> <span class='ocrx_word' id='word_1_106' title='bbox 941 3770 967 3818; x_wconf 91' lang='lat' dir='ltr'><strong>et</strong></span> <span class='ocrx_word' id='word_1_107' title='bbox 989 3765 1065 3817; x_wconf 91' lang='lat' dir='ltr'><strong>initio</strong></span> <span class='ocrx_word' id='word_1_108' title='bbox 1089 3765 1230 3832; x_wconf 87' lang='lat' dir='ltr'><strong>sequentis.</strong></span> 
     </span>
     <span class='ocr_line' id='line_1_57' title="bbox 169 3849 1230 3919; baseline 0.003 -19"><span class='ocrx_word' id='word_1_109' title='bbox 169 3849 281 3901; x_wconf 91' lang='lat' dir='ltr'><strong>Periisse</strong></span> <span class='ocrx_word' id='word_1_110' title='bbox 298 3866 379 3902; x_wconf 87' lang='lat' dir='ltr'><strong>unum</strong></span> <span class='ocrx_word' id='word_1_111' title='bbox 399 3851 553 3917; x_wconf 89' lang='lat' dir='ltr'><strong>opusculum</strong></span> <span class='ocrx_word' id='word_1_112' title='bbox 572 3868 604 3903; x_wconf 84' lang='lat' dir='ltr'><strong>ex</strong></span> <span class='ocrx_word' id='word_1_113' title='bbox 623 3852 707 3919; x_wconf 89' lang='lat' dir='ltr'><strong>ipsius</strong></span> <span class='ocrx_word' id='word_1_114' title='bbox 726 3851 822 3903; x_wconf 86' lang='lat' dir='ltr'><strong>codicis</strong></span> <span class='ocrx_word' id='word_1_115' title='bbox 840 3852 955 3903; x_wconf 91' lang='lat' dir='ltr'><strong>numeris</strong></span> <span class='ocrx_word' id='word_1_116' title='bbox 973 3867 1020 3918; x_wconf 90' lang='lat' dir='ltr'><strong>pro</strong></span> <span class='ocrx_word' id='word_1_117' title='bbox 1034 3855 1102 3904; x_wconf 86' lang='lat' dir='ltr'><strong>certo</strong></span> <span class='ocrx_word' id='word_1_118' title='bbox 1115 3860 1230 3919; x_wconf 85' lang='lat' dir='ltr'><strong>apparet,</strong></span> 
     </span>
     <span class='ocr_line' id='line_1_58' title="bbox 168 3935 1230 4004; baseline 0.003 -18"><span class='ocrx_word' id='word_1_119' title='bbox 168 3935 217 3987; x_wconf 85' lang='lat' dir='ltr'><strong>hoo</strong></span> <span class='ocrx_word' id='word_1_120' title='bbox 244 3936 354 3989; x_wconf 85' lang='lat' dir='ltr'><strong>maxime</strong></span> <span class='ocrx_word' id='word_1_121' title='bbox 380 3937 423 3988; x_wconf 85' lang='lat' dir='ltr'><strong>hie</strong></span> <span class='ocrx_word' id='word_1_122' title='bbox 448 3936 573 4004; x_wconf 82' lang='lat' dir='ltr'><strong>seriptum</strong></span> <span class='ocrx_word' id='word_1_123' title='bbox 600 3937 682 3989; x_wconf 84' lang='lat' dir='ltr'><strong>fuisse</strong></span> <span class='ocrx_word' id='word_1_124' title='bbox 709 3953 723 3988; x_wconf 87' lang='lat' dir='ltr'>e</span> <span class='ocrx_word' id='word_1_125' title='bbox 745 3937 868 3990; x_wconf 84' lang='lat' dir='ltr'><strong>Marciani</strong></span> <span class='ocrx_word' id='word_1_126' title='bbox 894 3935 944 3988; x_wconf 85' lang='grc'><strong>434</strong></span> <span class='ocrx_word' id='word_1_127' title='bbox 968 3937 1129 4004; x_wconf 88' lang='lat' dir='ltr'><strong>aliorumque</strong></span> <span class='ocrx_word' id='word_1_128' title='bbox 1153 3937 1230 3989; x_wconf 90' lang='lat' dir='ltr'><strong>huius</strong></span> 
     </span>
     <span class='ocr_line' id='line_1_59' title="bbox 169 4021 575 4077; baseline 0.007 -5"><span class='ocrx_word' id='word_1_129' title='bbox 169 4021 259 4073; x_wconf 87' lang='lat' dir='ltr'><strong>classis</strong></span> <span class='ocrx_word' id='word_1_130' title='bbox 278 4022 397 4074; x_wconf 84' lang='lat' dir='ltr'><strong>codicum</strong></span> <span class='ocrx_word' id='word_1_131' title='bbox 416 4023 575 4077; x_wconf 87' lang='lat' dir='ltr'><strong>testimonio.</strong></span> 
     </span>
    </p>

    <p class='ocr_par' dir='ltr' id='par_1_23' title="bbox 168 4104 1230 4436">
     <span class='ocr_line' id='line_1_60' title="bbox 237 4104 1229 4175; baseline -0.001 -15"><span class='ocrx_word' id='word_1_132' title='bbox 237 4104 257 4173; x_wconf 69' lang='lat'><strong>²)</strong></span> <span class='ocrx_word' id='word_1_133' title='bbox 276 4107 403 4160; x_wconf 85' lang='lat' dir='ltr'><strong>Scribitur</strong></span> <span class='ocrx_word' id='word_1_134' title='bbox 420 4107 449 4160; x_wconf 93' lang='lat' dir='ltr'><strong>in</strong></span> <span class='ocrx_word' id='word_1_135' title='bbox 466 4109 541 4161; x_wconf 90' lang='lat' dir='ltr'><strong>bonis</strong></span> <span class='ocrx_word' id='word_1_136' title='bbox 560 4110 633 4162; x_wconf 91' lang='lat' dir='ltr'><strong>libris</strong></span> <span class='ocrx_word' id='word_1_137' title='bbox 652 4104 767 4164; x_wconf 75' lang='grc' dir='ltr'><em>Σκύθιος</em></span> <span class='ocrx_word' id='word_1_138' title='bbox 785 4104 800 4171; x_wconf 82' lang='grc' dir='ltr'><em>ἢ</em></span> <span class='ocrx_word' id='word_1_139' title='bbox 817 4104 951 4175; x_wconf 82' lang='grc' dir='ltr'><strong>πρόξενος.</strong></span> <span class='ocrx_word' id='word_1_140' title='bbox 988 4107 1044 4170; x_wconf 85' lang='lat' dir='ltr'><strong>Qua</strong></span> <span class='ocrx_word' id='word_1_141' title='bbox 1066 4107 1149 4160; x_wconf 82' lang='lat' dir='ltr'><strong>forma</strong></span> <span class='ocrx_word' id='word_1_142' title='bbox 1172 4123 1229 4159; x_wconf 87' lang='lat' dir='ltr'><strong>oum</strong></span> 
     </span>
     <span class='ocr_line' id='line_1_61' title="bbox 168 4191 1230 4264; baseline 0 -20"><span class='ocrx_word' id='word_1_143' title='bbox 168 4193 254 4257; x_wconf 87' lang='lat' dir='ltr'><strong>ipsum</strong></span> <span class='ocrx_word' id='word_1_144' title='bbox 271 4194 424 4260; x_wconf 57' lang='lat' dir='ltr'><strong>Lucanum,</strong></span> <span class='ocrx_word' id='word_1_145' title='bbox 447 4196 491 4262; x_wconf 89' lang='lat' dir='ltr'><strong>qui</strong></span> <span class='ocrx_word' id='word_1_146' title='bbox 509 4196 537 4247; x_wconf 93' lang='lat' dir='ltr'><strong>in</strong></span> <span class='ocrx_word' id='word_1_147' title='bbox 554 4197 604 4248; x_wconf 89' lang='lat' dir='ltr'><strong>hoo</strong></span> <span class='ocrx_word' id='word_1_148' title='bbox 621 4196 679 4264; x_wconf 87' lang='lat' dir='ltr'><strong>ipso</strong></span> <span class='ocrx_word' id='word_1_149' title='bbox 699 4195 801 4261; x_wconf 84' lang='lat' dir='ltr'><strong>dialogo</strong></span> <span class='ocrx_word' id='word_1_150' title='bbox 820 4191 925 4256; x_wconf 75' lang='grc' dir='ltr'><strong><em>Σκύθης</em></strong></span> <span class='ocrx_word' id='word_1_151' title='bbox 942 4209 1043 4261; x_wconf 83' lang='lat' dir='ltr'><strong>semper</strong></span> <span class='ocrx_word' id='word_1_152' title='bbox 1060 4193 1230 4259; x_wconf 73' lang='lat' dir='ltr'><strong>substantiva</strong></span> 
     </span>
     <span class='ocr_line' id='line_1_62' title="bbox 169 4275 1230 4348; baseline 0.002 -20"><span class='ocrx_word' id='word_1_153' title='bbox 169 4275 298 4335; x_wconf 79' lang='grc' dir='ltr'><strong><em>Σκυθικός</em></strong></span> <span class='ocrx_word' id='word_1_154' title='bbox 324 4280 451 4332; x_wconf 85' lang='lat' dir='ltr'><strong>adiectira</strong></span> <span class='ocrx_word' id='word_1_155' title='bbox 468 4281 549 4334; x_wconf 83' lang='lat' dir='ltr'><strong>forma</strong></span> <span class='ocrx_word' id='word_1_156' title='bbox 569 4282 640 4348; x_wconf 81' lang='lat' dir='ltr'><strong>dicit,</strong></span> <span class='ocrx_word' id='word_1_157' title='bbox 669 4296 744 4333; x_wconf 89' lang='lat' dir='ltr'><strong>usum</strong></span> <span class='ocrx_word' id='word_1_158' title='bbox 764 4295 821 4332; x_wconf 88' lang='lat' dir='ltr'><strong>esse</strong></span> <span class='ocrx_word' id='word_1_159' title='bbox 840 4280 909 4332; x_wconf 85' lang='lat' dir='ltr'><strong>credi</strong></span> <span class='ocrx_word' id='word_1_160' title='bbox 927 4281 970 4332; x_wconf 84' lang='lat' dir='ltr'><strong>vix</strong></span> <span class='ocrx_word' id='word_1_161' title='bbox 988 4280 1079 4345; x_wconf 79' lang='lat' dir='ltr'><strong>possit,</strong></span> <span class='ocrx_word' id='word_1_162' title='bbox 1106 4278 1173 4330; x_wconf 86' lang='lat' dir='ltr'><strong>hano</strong></span> <span class='ocrx_word' id='word_1_163' title='bbox 1190 4279 1230 4330; x_wconf 91' lang='lat' dir='ltr'><strong>in·</strong></span> 
     </span>
     <span class='ocr_line' id='line_1_63' title="bbox 168 4365 1229 4436; baseline 0.006 -20"><span class='ocrx_word' id='word_1_164' title='bbox 168 4365 472 4435; x_wconf 84' lang='lat' dir='ltr'><strong>seriptionemaserioris</strong></span> <span class='ocrx_word' id='word_1_165' title='bbox 482 4367 575 4419; x_wconf 87' lang='lat' dir='ltr'><strong>aetatis</strong></span> <span class='ocrx_word' id='word_1_166' title='bbox 584 4367 751 4436; x_wconf 81' lang='lat' dir='ltr'><strong>grammatino</strong></span> <span class='ocrx_word' id='word_1_167' title='bbox 761 4366 902 4436; x_wconf 84' lang='lat' dir='ltr'><strong>profectam</strong></span> <span class='ocrx_word' id='word_1_168' title='bbox 912 4381 978 4432; x_wconf 89' lang='lat' dir='ltr'><strong>esse,</strong></span> <span class='ocrx_word' id='word_1_169' title='bbox 987 4365 1075 4436; x_wconf 89' lang='lat' dir='ltr'><strong>ipsum</strong></span> <span class='ocrx_word' id='word_1_170' title='bbox 1084 4365 1229 4423; x_wconf 74' lang='lat' dir='ltr'><strong>uncianum</strong></span> 
     </span>
    </p>
   </div>
   <div class='ocr_carea' id='block_1_9' title="bbox 0 0 1522 5002">
    <p class='ocr_par' dir='ltr' id='par_1_24' title="bbox 0 0 1522 5002">
     <span class='ocr_line' id='line_1_64' title="bbox 0 0 1522 5002; baseline 0 1"><span class='ocrx_word' id='word_1_171' title='bbox 0 0 1522 5002; x_wconf 95' lang='lat' dir='ltr'><strong> </strong></span> 
     </span>
    </p>
   </div>
  </div>
 </body>
</html>
