3036 5002
623 493 835 556 ..33-

201 682 287 766 apud
320 681 508 759 Lueianum,
546 681 602 763 qui
640 678 824 744 auditorum
861 678 1018 743 iudIcium
1054 680 1086 742 et
1119 677 1263 742 eruditos

200 786 338 850 lectores
365 789 512 868 spectare
540 781 631 859 solet,
658 782 798 846 occurrit
823 780 903 846 adeo
931 781 1040 845 nativa
1061 799 1166 863 neque
1190 780 1263 845 imi-

200 888 322 952 tatione
345 887 494 969 quaesita
517 884 645 950 dicendi
667 884 880 966 neglegentia,
908 884 955 948 ita
977 881 1113 947 candida
1135 886 1168 947 et
1189 902 1264 947 vera

201 989 353 1054 narrandi
376 993 410 1054 et
431 987 612 1054 admirandi
634 987 837 1070 simplicitas,
861 1006 925 1070 qua
939 986 992 1050 hia
1008 984 1137 1050 libellus
1153 1005 1263 1049 omncs

203 1092 382 1158 Lucianeos
414 1110 518 1174 neque
553 1090 657 1156 solum
679 1087 858 1154 Lucianeos
887 1088 978 1170 longe
1007 1108 1157 1171 superare
1184 1087 1264 1152 mihi

205 1174 373 1274 'videturb
419 1191 510 1258 Certe
537 1192 708 1275 Nigrinum
735 1193 863 1256 sicum
891 1211 929 1256 co
959 1210 1136 1287 compares,
1168 1190 1263 1256 facile

274 1395 293 1463 l)
310 1397 428 1465 Apparet
446 1402 571 1466 quantum
589 1399 672 1451 absim
690 1397 931 1451 aSommerbrodtii
948 1397 1086 1462 sententia,
1107 1395 1152 1462 qui
1168 1394 1199 1446 de
1215 1395 1265 1448 hoe

203 1484 268 1536 libro
295 1483 421 1536 iudicavit
449 1484 650 1551 „stimperhafte
673 1482 874 1535 Charakteristilr
902 1483 949 1534 wie
977 1482 1018 1534 die
1045 1482 1091 1534 des
1114 1479 1263 1534 Demonax“

203 1567 294 1634 (editio
318 1568 443 1622 librorum
467 1570 620 1622 selectorum
639 1569 650 1620 Ι
667 1583 726 1636 pag.
739 1566 848 1633 XVIII),
872 1583 956 1635 neque
978 1568 1094 1635 proiecto
1116 1567 1191 1618 multi
1209 1582 1264 1618 eam

202 1655 352 1722 probabunt
374 1655 419 1722 qui
442 1655 569 1707 curiosius
592 1658 675 1706 toturn
693 1654 810 1706 libellum
828 1653 985 1721 perlegerint
1003 1656 1048 1705 aut
1066 1653 1158 1705 saltem
1175 1653 1266 1704 ultima

205 1741 261 1792 eius
288 1740 382 1808 capita,
409 1741 505 1807 quibus
532 1740 704 1807 pulcherrima
730 1740 799 1792 senis
822 1739 973 1806 philosophi
995 1738 1150 1790 describItur
1170 1739 1265 1805 imago,

143 1839 145 1844 ·
207 1827 282 1879 euius
299 1825 407 1879 virtutes
424 1827 517 1878 merita
533 1826 698 1878 veneratione
717 1826 794 1877 etiarn
812 1826 912 1877 indocti
929 1828 955 1876 et
973 1824 1047 1891 pueri
1065 1828 1265 1891 prosequuntur.

207 1911 297 1979 Neque
322 1912 407 1964 minus
432 1928 553 1980 perversa
580 1915 641 1963 sunt
669 1927 734 1978 quae
760 1914 893 1978 praeterea
915 1910 947 1962 de
969 1911 1018 1962 hoc
1040 1910 1106 1961 libro
1129 1912 1265 1961 retractato

209 2002 253 2050 aut
278 1998 395 2051 mutilato
422 1997 486 2049 satis
513 1997 577 2048 mira
600 1997 700 2064 prolata
727 2000 796 2049 sunt.
831 1997 903 2060 Quae
926 2011 987 2048 sane
1009 1998 1117 2063 apparet
1138 1995 1167 2046 in
1187 1996 1265 2047 rebus

208 2082 355 2150 digerendis
376 2082 549 2149 neglegentia,
577 2099 606 2134 ea
631 2083 728 2150 optime
750 2083 884 2149 scriptoris
903 2082 1017 2134 moribus
1036 2083 1062 2132 et
1077 2080 1187 2132 consido
1206 2096 1266 2133 con·

207 2169 286 2236 renIt,
308 2169 339 2221 de
362 2169 458 2236 quibus
480 2172 510 2221 ut
528 2169 591 2221 satis
610 2173 679 2221 certo
698 2169 808 2221 iudicari
824 2168 909 2232 possit
926 2184 984 2220 eum
1001 2167 1083 2218 multa
1101 2166 1151 2218 alia
1168 2167 1268 2219 faciunt

206 2258 261 2306 tum
280 2270 310 2306 ea
326 2255 393 2306 ratio
412 2270 463 2321 qua
481 2255 509 2306 in
527 2253 704 2321 significandIs
722 2254 872 2306 hominibus
891 2254 923 2306 de
944 2255 1039 2321 quibus
1063 2253 1118 2319 agit
1134 2253 1174 2304 uti
1192 2254 1268 2318 solet,

205 2340 276 2392 velut
292 2337 336 2390 rori
353 2333 383 2389 δὲ
399 2335 531 2389 Σιδωνίου
548 2333 609 2389 ποτὲ
626 2337 753 2407 σοφιστοῦ
770 2339 803 2406 (c.
817 2339 868 2406 14),
895 2335 937 2390 τδν
956 2333 985 2389 δὲ
1002 2354 1110 2389 κυνικον
1127 2332 1156 2388 ἐν
1174 2333 1268 2406 ἄρκτου

207 2421 317 2493 δέρματι
334 2423 533 2492 φιλοσοφοῦντα
545 2423 577 2490 (c.
593 2423 643 2492 19),
660 2427 706 2478 ubi
724 2423 768 2476 τὸν
785 2430 845 2494 post
863 2421 971 2476 κυνικὸν
988 2425 1090 2477 videtur
1100 2425 1268 2477 inserendum

206 2527 271 2577 esse,
285 2509 431 2578 Ῥουφῖνον
448 2508 492 2560 τὸν
504 2507 627 2579 Κύπριον,
646 2507 714 2578 λέγω
733 2505 763 2561 δὲ
780 2508 823 2562 τδν
841 2508 937 2578 χωλόν,
957 2507 1000 2560 τὸν
1018 2504 1046 2560 ἐκ
1064 2509 1106 2560 τοῦ
1124 2506 1268 2578 περιπάτου

207 2595 239 2662 (c.
251 2594 305 2662 54),
327 2591 424 2660 ἥκουσα
446 2590 475 2646 δὲ
493 2590 570 2647 αὐτοῦ
586 2612 647 2646 ποτε
665 2594 710 2647 καὶ
728 2594 792 2665 πρὸς
808 2593 852 2646 τὸν
869 2597 920 2647 τῶν
936 2593 1029 2663 νόμων
1047 2587 1175 2663 ἔμπειρον
1193 2595 1268 2646 ταῦτα

207 2677 325 2749 λέγοντος
351 2680 385 2747 (c.
403 2681 456 2748 59),
482 2698 548 2750 quae
575 2683 637 2734 solis
664 2683 868 2735 Atheniensibus
895 2697 979 2749 neque
1007 2681 1110 2733 dicendi
1136 2681 1268 2734 facultatis

210 2768 378 2820 ostentandae
397 2783 475 2820 causa
493 2768 591 2834 scripta
608 2784 665 2820 esse
683 2772 799 2836 apparet.
828 2768 898 2820 Nihil
917 2768 1013 2820 certius
1034 2771 1074 2819 est
1092 2782 1168 2833 quarn
1185 2767 1223 2819 ita
1240 2767 1268 2818 in

211 2867 308 2906 summa
329 2870 356 2905 re
379 2854 502 2917 scriptum
526 2869 583 2904 esse
606 2853 721 2906 libellum
743 2858 773 2906 ut
790 2854 908 2918 traditur,
929 2869 1015 2920 noque
1033 2853 1127 2904 mutari
1143 2867 1222 2919 posse
1240 2853 1269 2905 in

212 2953 241 2990 eo
269 2939 319 2992 nisi
349 2934 481 2991 levissima
510 2938 644 3005 quaedam,
674 2941 736 2992 haec
766 2955 870 3006 quoque
896 2939 942 2991 diu
968 2939 1120 3005 plerumque
1146 2942 1268 2991 correcta.

212 3023 308 3087 Quibus
326 3025 393 3078 addo
413 3040 469 3091 cap.
483 3023 513 3074 17
527 3025 570 3089 (lI,
583 3023 642 3090 313,
654 3023 697 3090 38)
715 3025 806 3077 deletIs
824 3026 909 3077 verbis
927 3023 970 3076 rod
988 3021 1125 3075 δακτυλίου
1144 3020 1270 3088 δεσπότης

209 3109 289 3162 rideri
311 3109 475 3162 scribendum
499 3126 556 3162 esse
575 3106 645 3172 ἠξίου
662 3107 707 3160 τὸν
725 3105 885 3161 ἀπολέσαντα
904 3105 971 3166 ὅστις
989 3109 1028 3172 εἴη
1047 3105 1122 3174 ἥκειν
1139 3107 1184 3160 καί

209 3189 420 3263 ἀπολαμβάνειν,
444 3196 490 3248 ubi
511 3212 596 3263 neque
618 3197 806 3248 Herwerdenus
830 3196 1007 3262 (Mnemosyne
1024 3197 1083 3262 VlI,
1101 3194 1162 3261 356)
1184 3212 1269 3264 neque

207 3281 366 3334 Paetzoltius
385 3279 596 3346 (Observationes
620 3282 723 3334 criticae
745 3298 805 3350 pag.
822 3281 849 3347 b)
874 3286 942 3335 recte
964 3283 1121 3347 iudicarunt,
1144 3297 1192 3350 ego
1216 3299 1269 3337 non

207 3367 290 3434 magis
309 3367 434 3420 orationis
451 3367 613 3420 abundantia
631 3382 706 3433 quarn
720 3369 815 3420 omisso
827 3369 937 3420 articulo
950 3367 1078 3432 offendor3
1096 3369 1138 3420 bis
1150 3368 1269 3436 copulam

207 3468 342 3519 perperam
365 3453 488 3504 Insertum
512 3468 578 3516 esse,
602 3468 657 3520 cap.
670 3450 703 3504 33
721 3452 765 3519 (ll,
776 3452 834 3518 314,
847 3452 891 3520 34)
913 3455 942 3506 in
962 3454 1048 3506 verbis
1070 3450 1104 3508 aa
1119 3449 1164 3504 ὕπ’
1184 3449 1270 3504 αὐτων

208 3532 325 3592 ἅπαντας
341 3531 503 3587 ἀναπείθειν
515 3534 581 3604 [καὶ]
594 3533 726 3604 παρέχειν
742 3533 816 3608 αὐτῷ,
834 3540 880 3592 ubi
893 3539 979 3591 minus
991 3540 1058 3591 bene
1070 3533 1270 3590 ἀναπείδεσδαι

209 3624 316 3691 scripsit
333 3623 502 3688 Fritzschius,
528 3639 616 3675 verum
639 3624 704 3675 vidit
721 3625 897 3678 Hartmannus
915 3623 1020 3690 (Studia
1038 3625 1127 3678 critica
1144 3640 1204 3692 pag.
1216 3623 1269 3691 31),

208 3714 235 3761 et
257 3725 313 3776 cap.
331 3706 364 3760 38
382 3707 451 3777 (pag.
464 3707 522 3774 315,
534 3707 578 3774 40)
601 3705 745 3775 πρεσβύτου
769 3706 798 3760 δά
821 3726 887 3764 τινος
905 3707 1039 3776 Ῥωμαίου
1062 3704 1270 3777 εὐσωματοῦντος

209 3791 276 3861 [καὶ]
294 3791 340 3857 τὴν
357 3788 479 3845 ἐνόπλιον
497 3789 565 3864 αὐτῷ
582 3790 677 3861 μάχην
694 3792 759 3862 πρὸς
776 3793 908 3846 πάτταλον
925 3789 1137 3862 ἐπιδειξαμένου,
1160 3796 1269 3848 fortasse

208 3881 285 3932 etiam
314 3897 370 3948 cap.
389 3879 417 3931 11
447 3879 517 3947 (pag.
537 3877 597 3944 313,
617 3879 661 3945 36)
687 3877 752 3947 πρὸς
778 3875 846 3949 άπερ
960 3877 1200 3949 στεφανωσάμενος
1225 3878 1270 3932 καλ

209 3961 333 4033 καθαρὸν
355 3961 460 4033 ἱμάτιον
482 3960 625 4030 ἀναλαβών
643 3963 710 4032 [καὶ]
732 3963 876 4034 παρελθών
894 4006 900 4018 .
915 4005 920 4016 .
934 4004 960 4017 ..
979 3962 1169 4034 ἀπελογήσατο;
1196 3983 1219 4020 c.
1236 3967 1270 4017 44

208 4049 278 4120 (pag.
291 4050 350 4116 316,
365 4049 407 4117 17)
427 4051 590 4103 scribendum
610 4066 666 4103 esse
681 4048 804 4120 Ἀδμήτῳ
823 4048 852 4103 δά
869 4068 927 4114 τινι,
946 4052 1037 4121 ποιητῇ
1050 4049 1151 4120 φαύλῳ,
1170 4049 1271 4119 λέγοντι

208 4132 378 4204 γεγραφέναι
400 4132 560 4201 μονόστιχον
581 4129 748 4203 ἐπίγραμμα,
772 4133 837 4205 ὅπερ
859 4133 888 4190 ἒν
909 4143 962 4194 ταῖς
985 4136 1128 4201 διαθήκαις
1149 4137 1270 4188 κεκελευ-

207 4218 326 4284 κ1ν<αι>
340 4216 523 4290 ἐπιγραφῆναι
538 4219 615 4272 αὑτοῦ
625 4222 655 4292 τῇ
665 4219 749 4289 στίλῃ,
767 4239 821 4275 non
835 4225 906 4283 ,sine
919 4224 1107 4278 controversia“
1121 4225 1271 4292 plusquam-

207 4308 361 4376 perfectum,
382 4311 413 4360 ut
436 4323 520 4374 nuper
540 4308 624 4359 risum
647 4311 687 4360 est
704 4307 859 4361 Schwartzio
883 4308 922 4375 (in
939 4312 1122 4376 Mnemosynae
1144 4312 1194 4363 vol.
1206 4309 1271 4362 XIV

207 4391 351 4462 pag.213).
386 4393 482 4446 Dubito
508 4392 539 4444 de
560 4390 664 4458 μάλλον
686 4409 733 4460 pro
757 4390 871 4460 μάλιστα
894 4395 962 4446 dicto
986 4393 1019 4459 (e.
1034 4393 1065 4446 13
1083 4393 1214 4463 pag.313,
1230 4391 1271 4460 14)

1053 4495 1069 4546 3
