3036 5002
652 460 883 521 -119-

239 643 345 723 legere
380 642 512 723 solebat,
546 662 609 707 non
643 663 818 727 numquam
848 645 943 710 etiam
971 647 1003 710 in
1032 647 1161 730 oppidis
1191 648 1305 713 ricinis

238 744 325 809 idem
373 744 498 811 fecisse.
569 744 699 811 Solebat
750 748 834 811 enim
884 747 1004 830 scripta
1057 770 1116 813 sua
1164 751 1302 832 primum

239 849 365 930 publioe
421 849 566 929 recitare,
623 848 739 914 deinde
793 850 825 913 in
882 850 1048 915 hominum
1106 852 1302 918 eruditorum

238 972 333 1015 usum
364 951 468 1029 edere,
496 951 580 1033 quod
608 953 647 1016 de
676 952 784 1017 libello
813 952 851 1016 de
876 954 1021 1018 mercede
1046 954 1212 1021 conductis
1235 956 1304 1040 ipse

238 1053 338 1117 tradit
360 1052 468 1118 dicens
492 1051 667 1138 (Apologia
689 1075 758 1138 cap.
776 1057 809 1134 ὃς
836 1055 1033 1136 h,143,24)
1060 1054 1111 1116 καὶΙ
1137 1055 1171 1118 ἐν
1194 1057 1305 1142 πολλῷ

239 1151 360 1238 πλήθει
387 1150 515 1233 δειχδὲν
537 1206 543 1218 ,
562 1207 567 1218 .
587 1207 593 1218 .
612 1207 618 1219 .
638 1155 688 1218 καὶ
724 1155 787 1240 torp
820 1153 910 1238 παρὰ
936 1164 1000 1226 τοῖς
1025 1158 1304 1239 πεπαιδευμένοις,

237 1253 352 1319 ὁπόσοι
379 1257 500 1337 ὁμιλεῖν
524 1255 607 1343 oo'rqi
630 1258 681 1321 nul
704 1257 753 1321 διδ
777 1256 881 1341 χειρὸς
904 1255 986 1338 ἔχειν
1008 1257 1159 1346 ἠξίωσαν.
1205 1263 1239 1328 In
1262 1266 1303 1330 iis

237 1383 317 1445 (puae
341 1364 432 1426 extra
455 1362 569 1427 urbem
592 1363 721 1429 habitae
742 1369 818 1429 sunt
836 1365 1090 1448 praefationibus
1107 1366 1171 1431 duo
1188 1387 1304 1448 genera

236 1466 374 1530 discerni
390 1470 535 1549 possunt.
560 1467 684 1548 Plures,
701 1467 825 1532 seilicet
840 1467 980 1551 populus
997 1469 1052 1550 qui
1069 1468 1108 1533 ad
1123 1468 1301 1534 Labienum

235 1568 427 1632 audiendum
451 1575 650 1650 eorrrenerat,
685 1571 887 1654 appellantur
914 1573 946 1634 in
974 1571 1129 1653 Zeuxide,
1161 1572 1300 1641 Electro,

236 1670 408 1752 Herodoto,
432 1673 486 1754 qui
512 1678 686 1738 conventus
702 1673 838 1738 alicuius
854 1674 919 1739 illis
936 1675 1120 1756 regionibus
1137 1676 1301 1742 sollemnis

236 1775 400 1838 (recensione
429 1775 560 1841 habitus
588 1781 646 1841 est.
696 1775 815 1840 Contra
840 1779 872 1841 in
900 1777 1098 1843 Harmonide
1127 1785 1159 1843 et
1182 1777 1302 1863 Scytha

236 1880 268 1941 ot
294 1898 378 1942 rrrrus
406 1884 439 1943 et
465 1880 575 1963 plures
605 1879 817 1962 appellantur,
852 1880 978 1945 seilicet
1004 1880 1052 1944 vir
1080 1902 1163 1946 unus
1186 1881 1219 1945 in
1243 1903 1302 1947 sua

235 1980 363 2044 civitate
388 2002 513 2047 summa
535 1982 680 2067 potentia
703 1982 827 2062 florens,
851 1983 883 2046 in
907 1984 1001 2049 ouius
1024 1984 1118 2049 domo
1139 1983 1300 2051 Lucienus

234 2084 382 2147 recitavit
404 2085 592 2168 priusquam
616 2085 648 2150 in
672 2085 837 2169 publicum
862 2086 1016 2170 prodiret,
1041 2092 1074 2152 et
1093 2088 1189 2153 enrici
1206 2088 1246 2153 ab
1262 2110 1299 2154 eo

233 2187 371 2250 invitati.
410 2186 548 2252 Athenis
573 2189 652 2271 ipsis
675 2210 739 2253 nna
760 2194 884 2254 tantum
907 2209 946 2253 ex
961 2189 1060 2255 huius
1076 2193 1190 2257 aetatis
1207 2211 1299 2275 prac-

232 2290 407 2355 fationibus
432 2289 560 2356 videtur
583 2291 692 2357 habita
715 2313 797 2373 esse,
825 2291 997 2376 Dipsades,
1022 2313 1159 2377 quarum
1182 2296 1214 2360 in
1238 2298 1298 2362 fine

232 2391 319 2472 dicit,
343 2398 463 2475 quanto
487 2397 616 2478 saepius
640 2396 680 2460 ad
704 2396 868 2461 auditores
893 2396 1037 2480 prodeat,
1064 2401 1153 2462 tanto
1177 2399 1298 2464 maiore

233 2496 302 2559 cius
329 2497 376 2559 rei
407 2497 584 2577 cupiditate
613 2519 647 2562 se
675 2499 812 2563 incendi.
857 2498 966 2563 Nihilo
990 2501 1096 2563 minus
1119 2500 1295 2566 Lucianum

233 2599 405 2679 aliquando
430 2601 585 2665 recitandi
609 2603 704 2665 finem
726 2602 842 2666 fecisse
866 2621 906 2665 ex
923 2602 1025 2682 ipsius
1042 2601 1148 2668 verbis
1165 2609 1298 2687 apparot

232 2701 401 2781 (Heraclea
420 2706 451 2782 l;
474 2702 498 2783 l,
516 2704 565 2782 25,
583 2703 627 2784 9),
652 2701 681 2764 εἴ
701 2723 756 2782 μοι
778 2703 882 2771 καλῶς
905 2699 971 2781 ἔχοι
986 2703 1137 2787 τηλικῷδε
1153 2701 1217 2768 ὄντι
1238 2704 1296 2767 καὶ

231 2799 306 2866 παλ
315 2824 351 2864 αι
373 2808 441 2866 τῶν
464 2803 685 2881 ἐπιδείξεων
707 2807 937 2889 πεπαυμένῳ
952 2789 1047 2877 αὖθις
1062 2805 1143 2890 ὑπὲρ
1159 2807 1296 2888 ε’μαοιοῦ

234 2903 492 2992 p111pnndido'unr
517 2905 675 2978 τοσούτοις
710 2909 877 2987 δικασταῖς,
913 2913 999 2995 <pared
1036 2932 1130 2997 quam
1160 2915 1199 2978 ob
1228 2934 1294 2979 rem

231 3015 345 3078 feccrit
368 3010 384 3078 o
408 3014 664 3098 praefationibus
686 3015 726 3079 iis
750 3033 830 3096 quas
854 3035 951 3080 senex
974 3015 1097 3096 habuit,
1120 3015 1245 3082 Baccho
1263 3022 1297 3083 et

229 3116 380 3197 llorculo,
396 3118 580 3201 perspicere
596 3136 777 3200 possumus.
801 3119 908 3183 Antea
924 3118 963 3183 de
980 3119 1161 3185 auditorum
1178 3121 1295 3204 plausu

227 3241 268 3284 no
292 3219 499 3286 dubitaverat
514 3221 655 3304 quidem,
679 3222 741 3286 nisi
759 3226 917 3304 quatenus
933 3223 1124 3289 modestiam
1142 3225 1293 3291 simulare

228 3347 267 3388 ex
284 3324 372 3389 illius
389 3325 506 3389 aetatis
521 3323 674 3405 moribus,
698 3325 753 3408 qui
770 3325 957 3390 Philostrati
981 3328 1056 3392 vitis
1076 3327 1292 3412 sophistarum

228 3429 357 3508 egregio
390 3426 607 3508 illustrantur,
641 3448 771 3494 necesse
806 3433 884 3493 erat.
941 3429 975 3493 ln
1013 3429 1155 3495 Zeuxide
1195 3431 1292 3496 etiam

227 3531 442 3612 carstigaverat
474 3550 659 3614 perversam
693 3531 894 3596 audientium
927 3532 1067 3612 laudem,
1100 3533 1132 3597 in
1161 3533 1291 3600 Electro

226 3639 394 3700 monuerat
419 3656 459 3700 ne
488 3634 590 3700 nimia
617 3655 689 3699 cum
717 3637 940 3719 expectatione
967 3635 1115 3702 homines
1142 3636 1183 3701 ad
1209 3640 1292 3704 reci-

226 3737 363 3803 tationes
386 3761 461 3805 snas
486 3738 685 3805 accederent.
717 3738 811 3804 Nunc
835 3740 868 3804 in
885 3738 1010 3803 Baccho
1032 3739 1071 3804 ab
1088 3739 1291 3808 auditoribus

225 3841 307 3924 petit
328 3861 367 3906 ne
391 3843 494 3908 solnm
510 3863 669 3909 rumorem
694 3843 796 3908 secuti
813 3863 872 3907 sua
888 3847 1094 3907 contemnant
1109 3845 1290 3927 multosque

224 3965 264 4010 ne
282 3945 407 4010 venisse
425 3946 554 4028 quidem
579 3945 620 4011 ad
636 3967 669 4011 se
685 3946 881 4011 audiendum
897 3947 968 4032 ipse
985 3946 1074 4027 dicit,
1098 3947 1290 4031 similisque,

225 4050 284 4114 etsi
320 4070 384 4114 non
418 4050 465 4113 ita
499 4059 620 4132 aperta,
654 4048 805 4115 Herculis
839 4051 919 4115 ratio
955 4055 1013 4116 est.
1064 4050 1154 4127 Quod
1182 4058 1290 4117 autem

224 4152 357 4216 alterius
384 4153 652 4234 peregrinationis
679 4154 845 4219 occasione
868 4152 1030 4218 Bacchum
1060 4159 1092 4219 et
1119 4153 1288 4220 Heraclem

223 4254 351 4319 habitos
385 4275 454 4320 esso
492 4260 525 4320 et
558 4257 596 4321 ad
632 4257 882 4323 declamationes
917 4257 1093 4324 rhetoricas
1127 4259 1287 4340 pertinere

223 4357 438 4438 crediderunt,
463 4379 568 4423 veram
592 4381 653 4440 non
678 4382 749 4426 osse
773 4361 855 4426 hano
877 4362 1069 4426 sententiam
1087 4364 1211 4427 certum
1228 4368 1285 4427 est.
