3036 5002
647 469 861 533 ..15-

310 659 360 724 Ex
394 660 434 724 iis
467 658 561 724 libris
593 658 649 742 qui
683 658 788 742 ipsius
815 659 979 743 archetypi
1007 646 1191 742 apographa
1208 645 1287 722 esse

224 763 383 840 videntur,
418 763 498 826 satis
527 765 613 826 certo
643 761 682 826 dc
708 761 814 845 prima
841 760 1006 846 archetypi
1033 763 1124 844 parte
1152 759 1289 825 iudicari

225 869 339 948 potest.
375 865 476 929 Multo
501 864 607 928 minus
631 869 717 928 certa
740 885 792 929 res
816 869 866 930 cst
888 865 920 928 in
937 868 1026 947 parte
1042 863 1153 941 altera,
1176 863 1290 948 inqua

225 967 265 1032 ad
289 967 526 1033 restituendum
550 967 757 1052 archetypum
783 967 956 1032 adhibendi
976 969 1051 1032 sunt
1067 967 1162 1030 etiarn
1180 986 1290 1032 rocen-

226 1071 326 1135 tiores
358 1070 434 1136 libri
467 1090 528 1135 noa
561 1068 653 1151 nulli,
688 1089 883 1153 quamquam
919 1088 1030 1133 eornm
1057 1069 1151 1151 longe
1185 1071 1290 1135 minor

228 1174 311 1238 solet
333 1194 402 1239 esse
424 1175 457 1238 in
480 1172 600 1239 talibus
622 1172 711 1253 fides⁷
736 1177 768 1237 et
791 1174 823 1238 in
840 1173 880 1237 iis
896 1191 1023 1256 quoquc
1040 1174 1141 1238 multo
1158 1174 1290 1258 saepius

228 1276 313 1358 prior
335 1297 409 1360 pars
433 1296 530 1359 quam
554 1274 693 1342 secunda
715 1276 843 1356 legitur.

313 1377 440 1445 Codicis
455 1379 594 1444 Palatini
618 1380 657 1443 73
668 1377 692 1459 1)
715 1379 802 1462 prior
824 1398 899 1462 pars
922 1377 1029 1462 periit.
1067 1377 1182 1461 Incipit
1204 1398 1289 1442 nunc

225 1483 257 1545 in
294 1482 396 1546 medio
424 1482 532 1548 libello
555 1481 604 1547 De
633 1481 802 1547 saltatione
826 1479 898 1562 (45)
931 1485 963 1546 et
997 1482 1139 1546 continet
1162 1486 1290 1566 praeter

226 1584 446 1667 Itenipbanem
475 1582 557 1667 (46),
591 1585 648 1668 qui
682 1605 754 1649 cum
788 1584 1009 1668 praecedentis
1036 1584 1138 1650 libelli
1165 1586 1227 1650 fine
1257 1589 1291 1649 et

228 1688 394 1770 sequentis
423 1688 515 1753 initio
539 1686 647 1773 periit,
677 1687 790 1752 eadem
814 1686 947 1752 Luciani
971 1688 1091 1771 scripta
1114 1686 1290 1770 eodemque

230 1791 340 1855 ordine
357 1809 439 1873 quae
454 1791 605 1873 leguntur
628 1791 660 1854 in
685 1791 793 1855 codice
809 1792 838 1850 P
858 1809 960 1873 nsque
983 1790 1023 1855 ad
1040 1788 1191 1872 Scytbam
1209 1787 1291 1870 (68).

231 1893 404 1959 Praeterea
425 1897 514 1959 extat
535 1893 654 1959 scheda
673 1914 737 1958 una
752 1893 784 1956 in
802 1912 865 1975 qua
880 1912 954 1975 pars
970 1892 1071 1956 libelli
1089 1893 1122 1957 in
1138 1892 1246 1958 codice
1264 1894 1294 1952 Γ

231 1997 401 2080 sequentis,
436 1996 774 2080 Tragoedopodagrae,
807 1996 986 2081 perscripta
1021 2000 1079 2075 cst,
1114 1999 1147 2060 et
1176 1997 1292 2061 ultima

231 2099 350 2165 codicis
383 2120 468 2184 pars,
506 2100 672 2165 continens
711 2099 853 2181 dialogos
891 2104 1101 2178 mortuorum,
1139 2099 1292 2178 marinos,

230 2203 370 2283 deornm,
393 2201 502 2268 eodem
528 2203 623 2268 etiam
647 2204 679 2268 in
704 2203 839 2285 singulis
861 2202 997 2284 dialogis
1020 2202 1131 2267 ordine
1154 2204 1292 2287 scriptos

229 2325 290 2388 qno
313 2305 465 2388 leguntur
489 2307 521 2371 in
538 2307 576 2383 Γ,
598 2306 809 2386 meretricios⁷
824 2292 1015 2390 ¹Ocypodem
1033 2303 1115 2386 (74).
1150 2306 1294 2391 Apparet

228 2409 329 2490 igitur
362 2409 510 2474 ultimum
547 2410 736 2493 opusculum
770 2429 831 2473 non
860 2428 897 2473 eo
921 2409 990 2474 loco
1014 2409 1169 2491 scriptum
1191 2410 1293 2475 fuisse

232 2531 293 2595 qno
304 2516 359 2577 cst
370 2512 403 2576 in
416 2514 454 2589 Γ,
470 2516 577 2578 cetera
590 2512 628 2577 de
642 2513 760 2578 libellis
774 2513 856 2576 inter
868 2511 1209 2597 Tragoedopodagram
1221 2511 1293 2594 (69)

231 2619 263 2680 et
285 2614 429 2697 dialogos
452 2619 650 2680 mortuorum
667 2613 739 2695 (77)
760 2614 877 2700 positis
900 2616 1023 2680 incerta
1045 2618 1129 2679 sunt.
1165 2615 1199 2679 ln
1222 2614 1294 2679 uni·

232 2739 360 2783 versum
384 2723 494 2783 autem
511 2721 557 2783 ita
572 2739 643 2783 cum
663 2717 817 2782 Vaticano
842 2718 1000 2783 consentit
1022 2722 1059 2782 nt
1081 2716 1230 2781 videatur
1252 2737 1293 2781 ex

234 2840 271 2885 eo
305 2821 486 2907 descriptus
521 2843 601 2902 esse,
637 2821 722 2906 quod
757 2820 911 2885 iudicium
949 2822 1155 2886 confirmatur
1180 2821 1294 2904 paucis

236 2942 314 3006 quas
337 2945 376 2989 ex
398 2925 458 2990 boc
481 2926 590 2990 codice
614 2925 739 2990 enotavi
756 2924 950 2989 lectionibus
974 2943 1046 2988 cum
1063 2923 1187 2987 libroP
1207 2943 1293 2988 com-

235 3028 366 3111 paratis,
397 3029 444 3093 ita
476 3033 586 3092 tamen
618 3031 656 3092 ut
688 3026 869 3091 intercedat
901 3027 1118 3111 apographum
1154 3047 1193 3091 ex
1220 3025 1294 3092 aliis

233 3130 374 3196 fontibus
397 3151 458 3196 non
482 3151 658 3214 numquam
682 3133 871 3195 correctum.

319 3232 429 3299 Codex
441 3233 616 3299 Vaticanus
633 3235 683 3312 89,
700 3233 889 3299 chartaceus
906 3233 1027 3299 saeculi
1043 3233 1128 3313 lllV,
1153 3235 1295 3299 continet

233 3337 426 3402 omniafere
450 3337 585 3403 Luciani
620 3337 740 3419 scripta
774 3335 885 3400 eodem
914 3337 947 3401 in
973 3337 1157 3402 universum
1184 3337 1294 3402 ordine

233 3458 296 3521 quo
313 3437 488 3505 Vaticanus
511 3443 561 3520 90,
585 3439 626 3504 ad
649 3458 744 3522 quem
769 3439 864 3503 etiam
889 3440 922 3503 in
945 3441 1082 3521 singulis
1106 3440 1294 3525 plerumque

232 3542 377 3624 proxime
400 3542 532 3608 accedit.
578 3541 695 3607 Utrum
718 3562 759 3606 ex
781 3563 817 3606 eo
841 3542 1022 3626 descriptus
1046 3543 1088 3608 sit
1110 3563 1219 3623 necne,
1255 3563 1295 3608 ex

232 3645 272 3710 iis
306 3645 434 3729 quidem
470 3645 664 3711 lectionibus
698 3664 778 3728 quas
812 3645 994 3710 examinavi
1025 3645 1196 3711 diiudicari
1231 3666 1295 3709 non

234 3752 351 3831 potest,
375 3769 447 3813 cum
472 3769 617 3813 summus
639 3769 710 3814 esse
727 3749 830 3814 soleat
846 3747 993 3814 codicum
1010 3749 1167 3814 secundae
1183 3749 1295 3814 classis

234 3852 403 3916 meliorum
428 3853 512 3917 inter
534 3873 568 3917 se
593 3872 777 3933 consensus,
800 3856 833 3917 et
856 3850 976 3935 siquid
999 3853 1128 3932 gravius
1151 3853 1295 3931 interest,

234 3955 319 4037 quod
341 3960 451 4019 tamen
474 3955 643 4020 admodum
668 3974 741 4019 raro
765 3955 910 4020 accidere
926 3953 1065 4035 videtur,
1088 3955 1147 4020 hoc
1170 3975 1210 4020 ex
1233 3955 1295 4018 alio

233 4058 322 4123 fonte
337 4058 476 4143 petitum
501 4078 571 4124 esse
595 4059 707 4143 possit,
730 4077 768 4122 ea
790 4057 980 4141 praesertim
1003 4062 1108 4124 aetate
1124 4078 1188 4142 qua
1201 4058 1295 4140 longe

306 4294 322 4360 ¹)
341 4296 402 4362 Egit
430 4296 461 4347 de
489 4311 519 4348 eo
547 4296 576 4347 ll.
600 4296 689 4346 Robde
717 4296 744 4346 in
772 4297 855 4347 musei
882 4297 1001 4349 Rhenani
1027 4297 1076 4350 vol.
1100 4297 1180 4349 XXV
1208 4294 1296 4362 (1870)

233 4395 295 4447 pag.
308 4379 366 4446 548,
385 4382 429 4448 qui
448 4381 545 4433 saeculi
563 4380 629 4432 Xlll
648 4396 706 4432 enm
726 4396 782 4433 esse
801 4381 933 4433 iudicavit.
