3036 5002
510 479 721 542 -83,

83 662 208 728 incerto
240 685 279 729 ex
314 665 370 729 illa
395 669 624 748 permanerunt
658 665 696 729 ad
732 666 859 731 codices
889 667 1083 732 recentiores
1114 669 1148 731 et
1214 671 1221 684 ‘

83 768 304 853 interpolatos
327 767 538 834 Oxoniensem
558 769 586 833 D
610 768 681 849 (cir.
699 770 861 834 lacobitzii
884 771 1114 854 praefationem
1135 769 1148 833 I

85 891 157 956 pag.
174 870 321 952 XXVII),
337 871 520 936 Parisinum
536 870 657 952 A<(ofr.
674 873 881 938 Iacobitzium
899 874 912 938 I
928 894 999 958 pag.
1016 872 1148 955 XXVI),

85 973 275 1040 Vaticanum
306 976 357 1052 87,
392 972 660 1060 Guelferbytanos
684 975 712 1041 G
739 976 820 1041 etIl
847 977 989 1060 aliosque
1017 982 1049 1042 et
1074 976 1148 1041 inde

85 1078 216 1162 saepius
228 1077 259 1142 in
273 1081 398 1142 tentum
409 1077 586 1158 uulgatum.
607 1078 639 1142 In
655 1079 1006 1164 solisPhilopscudibus
1020 1100 1147 1163 sperare

85 1179 161 1245 lloet
178 1181 247 1246 fore
262 1185 300 1245 ut
314 1185 424 1246 textus
440 1181 486 1244 ita
501 1181 689 1246 emendetur
704 1188 741 1247 ut
756 1183 787 1247 in
806 1183 877 1247 aliis
893 1182 983 1246 libris
1000 1188 1074 1247 ante
1091 1183 1149 1247 hos

85 1283 318 1367 quinquaginta
334 1303 433 1348 anuos
446 1282 687 1349 Vindobonensi
705 1289 737 1349 et
748 1283 928 1351 Gorlicensi
942 1285 1078 1369 primurn
1092 1285 1148 1349 ad-

84 1386 197 1451 hibitis
219 1388 340 1451 factum
365 1391 423 1451 est.
462 1386 556 1451 Initio
572 1387 668 1452 huius
682 1386 784 1451 libelli
801 1388 889 1453 solus
906 1387 1080 1452 Vaticanus
1097 1391 1148 1466 76,

85 1493 124 1554 ut
156 1490 277 1555 leviora
305 1494 338 1554 et
363 1490 461 1555 dubia
488 1490 644 1572 omittam,
678 1490 775 1555 habet
801 1511 869 1574 cap.
895 1495 909 1555 l
940 1488 1002 1570 πρὸ
1026 1489 1149 1553 πολλοῦ

84 1594 141 1678 τῆς
161 1589 320 1679 ἀληθείας
337 1592 477 1653 atterum
493 1613 550 1677 pro
567 1590 639 1673 περὶ
653 1591 785 1670 πολλοῦ,
809 1596 998 1660 confirmans
1015 1594 1148 1658 Iacobsii

86 1696 303 1762 coniecturam
322 1694 469 1760 Beklrero
492 1701 524 1761 et
546 1697 709 1778 Madvigio
732 1695 910 1781 probatam,
934 1718 1002 1782 cap.
1021 1700 1039 1761 2
1062 1695 1148 1760 haud

85 1798 183 1864 dubie
207 1803 294 1864 reete
318 1797 337 1860 d
359 1793 438 1879 ἔρως
460 1786 550 1868 οὗτος
572 1820 630 1884 pro
654 1796 732 1880 ἔρως
754 1787 854 1878 οὗτος,
876 1802 930 1863 τοῦ
953 1797 998 1884 μή
1021 1796 1149 1884 rdinati}

84 1902 187 1984 λέγειν
212 1922 270 1986 pro
296 1903 351 1964 rori
376 1899 421 1988 μή
449 1898 559 1986 ἀληθῆ
586 1901 697 1983 λέγενν,
731 1899 764 1964 οἵ
790 1923 825 1983 γε
847 1924 904 1988 pro
929 1901 1022 1982 εἴγε,
1056 1896 1150 1963 ου’δὲν

85 2003 161 2073 οὐδὲ
196 2009 297 2084 τοῦτο,
339 1986 365 2067 oi
402 2002 577 2084 Φιλόκλεις,
614 2027 671 2092 pro
708 2003 804 2069 οὐδὲν
839 2009 941 2083 τοῦτο,
981 2005 1037 2102 ubj
1076 2001 1150 2067 οὐδὲ

83 2114 176 2175 τοῦτο
209 2115 295 2175 recte
329 2111 393 2175 iam
410 2111 614 2175 restitutum
649 2115 697 2175 est
730 2131 750 2175 a
782 2108 971 2187 Fritzschio
1006 2105 1030 2170 ai
1055 2104 1149 2171 otto-

85 2214 170 2284 κλεις
202 2235 287 2278 nunc
319 2213 449 2278 demum
477 2214 610 2294 aocedIt
645 2211 806 2274 atteroda
831 2209 913 2292 dado
941 2208 1043 2275 αὐτῶν
1070 2232 1150 2294 παρ-

86 2318 206 2380 ίσταται
233 2314 303 2397 (cfr.
332 2316 387 2382 Bis
414 2337 517 2383 accus.
542 2338 568 2381 c.
593 2318 644 2396 26,
678 2316 715 2395 Il,
741 2319 790 2394 13,
814 2318 855 2380 34
882 2315 1070 2397 παρίσταταί
1096 2335 1152 2394 μοι

85 2416 248 2502 γννώσκειν
271 2418 538 2499 cDemosthene)
554 2441 611 2505 pro
635 2417 796 2481 αἰδεῖσθαι.
818 2415 899 2499 ὑπὲρ
922 2415 1024 2480 αὐτῶν
1040 2414 1151 2495 ἔπεισι,

88 2523 195 2608 capite
218 2525 314 2588 terti0
337 2517 447 2592 πόλεις
469 2518 529 2608 ἤδη
554 2519 605 2584 καὶ
627 2519 708 2607 ἔθνη
732 2516 792 2584 ὅλα
812 2541 870 2605 pro
894 2516 1003 2591 πόλεις
1022 2517 1083 2606 ἤδη
1100 2518 1152 2582 καὶ

88 2621 169 2711 ἔθνη
204 2622 321 2703 πολλά,
358 2626 410 2690 hic
444 2646 572 2709 quoque
606 2628 793 2689 confirmata
827 2625 959 2705 egregia
993 2623 1149 2689 Hercheri

88 2730 279 2795 coniectura.
325 2728 481 2794 Ultimum
510 2728 613 2792 libelli
640 2729 772 2793 verbum
798 2747 859 2791 non
884 2731 933 2792 eet
958 2722 1151 2807 ψευσμάτων

88 2833 144 2900 sed
167 2828 355 2914 φασμάτων,
379 2831 464 2916 quod
479 2834 633 2914 praestat,
656 2830 806 2914 idemque
822 2832 918 2896 estin
939 2829 1092 2894 Vaticano
1109 2831 1148 2894 87

89 2937 227 3020 aliisque
250 2941 283 3002 et
306 2958 324 3001 a
347 2934 489 3001 secunda
512 2955 609 2998 manu
624 2935 655 2998 in
673 2934 828 2999 Vaticano
845 2935 895 2998 90.
935 2932 1036 2998 Valde
1052 2934 1152 3014 igitur

89 3039 265 3124 optandum
289 3042 399 3104 estut
421 3038 461 3103 ad
484 3041 585 3102 totum
611 3037 771 3119 dialogum
796 3036 895 3101 codex
913 3035 1088 3102 Vaticanus
1111 3039 1151 3101 76

89 3142 263 3225 diligenter
285 3143 476 3208 conferatur.

175 3449 351 3534 Utriusque
386 3448 498 3513 classis
526 3449 607 3514 ratio
631 3449 778 3533 quamvis
806 3449 928 3512 ineerta
955 3449 986 3512 in
1016 3449 1153 3528 singulis

89 3555 121 3619 in
148 3554 337 3619 universum
364 3557 469 3617 tamen
500 3553 580 3616 satis
608 3554 780 3636 perspicua
807 3557 866 3632 est,
900 3571 1003 3634 neque
1030 3551 1097 3614 fere
1119 3552 1152 3616 in

90 3659 149 3724 hac
184 3678 218 3723 re
238 3658 315 3722 xnisi
350 3657 502 3722 bonorum
537 3656 673 3720 fontium
707 3655 817 3739 inopia
850 3654 991 3719 editores
1023 3657 1153 3736 gravius

91 3765 280 3827 erraverunt
312 3765 440 3844 praeter
476 3780 574 3823 unum
609 3758 753 3822 libellum
789 3757 902 3822 ceteris
931 3758 1153 3838 crodegandus

91 3869 274 3943 tractatum,
312 3861 534 3928 Soloecistam.
594 3860 760 3926 Habemus
796 3860 849 3924 hic
885 3860 1002 3944 prioris
1040 3861 1153 3926 classis

91 3972 191 4034 testes
218 3987 279 4032 non
304 3967 453 4049 optimos,
481 3964 593 4029 sedin
618 3984 801 4028 summare
826 3965 905 4028 satis
929 3962 1019 4039 fidos,
1047 3961 1153 4027 Gorli-

92 4091 220 4137 oensem
237 4068 300 4151 (A)
325 4073 359 4133 et
374 4067 571 4132 Marcianum
589 4069 651 4132 436
668 4065 775 4147 (ΨΥ),
799 4065 956 4130 secundae
981 4065 1152 4129 editionem

91 4175 280 4259 prinoipem,
317 4192 398 4257 quae
427 4170 461 4235 in
491 4170 563 4235 aliis
591 4169 720 4253 quidem
747 4169 839 4233 libris
866 4169 1057 4251 plerumque
1082 4189 1151 4232 cum

162 4393 182 4463 1)
201 4395 318 4450 Contulit
336 4393 580 4458 Sommerbrodtius,
598 4392 730 4446 Lucieuea
747 4406 805 4459 pag*
818 4389 860 4443 80.

919 4489 954 4544 6.
