3036 5002
541 469 774 532 -137-

126 656 255 735 negotio
300 656 491 739 epitomator
527 660 675 721 versatus
712 656 763 720 sit.
825 654 893 731 Qua
929 656 962 718 in
1000 652 1187 736 quaestione

126 759 246 822 nullius
265 760 393 822 omnino
409 760 562 823 momenti
579 764 630 823 est
644 758 852 841 (quamquam
869 757 963 822 video
980 760 1012 821 et
1027 754 1187 820 Rohdium

127 867 159 924 et
176 859 435 925 Goldbaoherum
458 861 532 925 huic
555 862 601 925 rei
623 862 745 944 aliquid
760 858 929 939 tribuere),
952 859 1038 943 quod
1053 858 1188 922 Photius

127 963 302 1027 lucianum
332 964 430 1029 libros
454 963 534 1029 duos
558 966 590 1027 in
614 984 713 1028 unum
739 965 937 1028 contraxisse
963 962 1071 1027 tradit.
1110 960 1189 1043 Epi·

125 1072 315 1130 tomatorem
342 1068 425 1131 enim
445 1068 579 1131 minimo
595 1067 758 1150 probabile
774 1072 824 1131 est
838 1085 989 1149 umquam
1007 1065 1046 1129 de
1062 1063 1184 1129 edendo

126 1170 207 1233 libro
231 1189 325 1252 quem
349 1169 562 1234 contrahendo
585 1168 735 1234 effecerat
758 1171 925 1263 cogitasse,
953 1168 1010 1234 sed
1034 1169 1066 1233 in
1090 1187 1184 1232 suum

127 1293 220 1336 usum
248 1272 378 1336 ridetur
400 1273 603 1337 transtulisse
627 1291 707 1355 quae
732 1274 761 1337 ei
785 1272 953 1355 placebant
976 1272 1090 1336 ceteris
1116 1270 1188 1333 bre-

126 1377 208 1438 viter
235 1377 430 1456 significatis.
476 1374 612 1440 Excedit
637 1381 744 1439 autem
772 1375 900 1440 libellus
929 1395 990 1440 non
1016 1375 1098 1438 nihil
1121 1374 1187 1438 Lu-

127 1477 309 1541 rianeorum
338 1478 469 1561 quidem
496 1479 648 1543 librorum
673 1480 900 1562 plerorumque
925 1477 1055 1543 morium
1078 1476 1188 1561 proxi-

127 1600 242 1662 moque
270 1581 395 1645 accedit
422 1581 461 1645 ad
485 1581 600 1645 Veram
624 1581 792 1646 historiam
820 1583 853 1645 in
876 1582 957 1647 duos
981 1580 1080 1645 libros
1105 1579 1188 1644 divi-

127 1702 193 1745 sam
207 1682 239 1761 ¹),
263 1689 300 1747 ut
322 1684 402 1748 nihil
424 1685 531 1750 obstet
553 1704 615 1768 quo
639 1686 756 1763 minus,
781 1684 867 1767 quod
890 1704 947 1767 per
970 1704 1004 1748 se
1023 1682 1187 1766 probabile

128 1790 186 1856 est,
221 1805 280 1848 non
305 1787 351 1850 ita
373 1787 476 1851 multa
498 1788 645 1852 omisisse
668 1787 833 1852 librarium
857 1788 1034 1852 credamus.
1081 1787 1189 1850 Aliter

127 1887 282 1951 iudicavit
305 1888 554 1967 Goldbacherus
583 1891 637 1973 qui
665 1910 774 1953 eorum
799 1911 878 1973 quae
902 1890 989 1973 apud·
1011 1889 1187 1972 Apuleium

126 1993 278 2070 leguntur
300 1998 333 2056 et
355 2014 374 2056 a
398 2013 510 2072 graeco
530 1993 640 2058 libello
664 1993 769 2056 aliena
791 2000 865 2057 sunt
887 2013 1035 2072 magnam
1059 1996 1184 2075 partem

125 2097 158 2159 in
185 2096 274 2160 Lucii
302 2096 599 2179 metamorphoseon
621 2096 713 2159 libris
735 2097 835 2161 fuisse
859 2095 1031 2160 contendit.
1077 2097 1185 2177 Atque

126 2199 184 2262 hoo
209 2198 337 2281 quidem
362 2205 446 2263 recte
470 2203 580 2263 contra
598 2197 758 2263 Rohdium
781 2201 899 2282 posuit,
923 2199 1099 2282 Apuleium
1123 2219 1186 2262 non

127 2304 261 2366 Asinum
284 2303 339 2384 qui
362 2321 446 2366 nunc
469 2305 558 2366 extat
581 2303 672 2384 sequi
695 2301 753 2366 sed
768 2301 859 2366 Lucii
883 2301 1184 2385 metamorphoseon

126 2405 237 2483 libros3
262 2424 455 2488 quamquam
479 2407 563 2468 enim
585 2405 642 2468 ubi
666 2426 728 2470 non
753 2407 848 2487 plena
870 2412 918 2470 est
933 2406 1028 2470 Asini
1044 2407 1185 2469 narratio

127 2527 197 2570 raro
241 2507 318 2571 licet
361 2508 536 2590 Apuleium
583 2528 779 2591 comparare,
829 2515 935 2572 tamen
979 2517 1030 2572 ter
1074 2509 1186 2572 saltem

127 2608 218 2686 (Luc
250 2613 285 2671 17
315 2637 355 2658 =
381 2611 479 2693 Apul.
507 2610 559 2690 lll,
587 2612 640 2690 293
678 2610 755 2674 Luc.
784 2613 824 2674 24
854 2638 895 2660 =
921 2610 1018 2694 Apul.
1050 2609 1100 2687 Vl,
1131 2615 1187 2691 293

127 2708 204 2772 Luc.
229 2712 269 2774 38
292 2738 332 2761 =
355 2713 452 2797 Apul.
474 2712 553 2791 Vlll,
573 2714 628 2792 30)
663 2721 796 2796 apparet
829 2714 970 2796 pleniore
1004 2714 1187 2778 narratione

127 2812 303 2894 Apuleium
326 2835 419 2879 usum
445 2836 526 2897 esse,
549 2815 636 2899 quod
658 2821 765 2880 autem
791 2817 863 2880 aliis
887 2817 965 2881 locis
988 2817 1038 2880 vel
1064 2817 1096 2880 in
1121 2817 1187 2882 sin-

127 2915 210 2995 gulis
233 2935 306 2979 cum
329 2919 430 2983 Asino
455 2920 627 3003 conspirat,
661 2920 780 3003 optime
809 2919 956 2983 convenit
985 2939 1056 2982 curn
1083 2919 1188 2984 Photii

126 3021 309 3083 testimonio
336 3039 398 3103 quo
422 3020 600 3086 Lucienum
628 3021 719 3086 Lucii
753 3023 853 3089 libros
887 3017 994 3090 αὐταῖς
1027 3042 1060 3084 τε
1087 3023 1189 3098 λέξεσι

127 3256 236 3306 consilio
265 3256 362 3308 Lucius
398 3265 639 3312 commemoraverat
676 3262 827 3312 Decrianum
858 3261 1006 3313 Patrensem
1041 3262 1184 3326 sophistam

127 3338 212 3404 (Asin.
226 3337 248 3405 2,
266 3355 324 3406 pag.
337 3339 398 3406 348)
416 3347 441 3393 et
459 3343 491 3395 de
503 3349 584 3410 patre,
602 3347 633 3398 de
654 3349 765 3414 seipso,
784 3348 814 3398 de
833 3348 910 3398 fratre
928 3351 985 3398 rate
1004 3351 1029 3397 et
1047 3348 1186 3413 elogiamm

127 3429 204 3491 poeta
231 3431 318 3492 egerat
344 3443 399 3494 cap.
416 3427 449 3478 55
472 3428 679 3497 (pag.3ll,‘2l),
705 3449 780 3499 quem
803 3434 888 3485 locum
911 3434 1065 3499 epitomator
1087 3433 1189 3485 videtur

127 3512 289 3577 depravasse.
325 3513 390 3565 Nam
418 3515 466 3566 hoo
492 3516 548 3568 loco
572 3518 603 3569 de
626 3534 755 3586 quoquam
778 3519 828 3571 alio
851 3522 953 3585 praeter
975 3533 1032 3569 eum
1055 3518 1100 3584 qui
1123 3519 1188 3569 hano

127 3597 210 3662 ipsam
228 3599 341 3651 fabulam
361 3601 516 3667 conscripsit
539 3604 581 3669 agi
599 3604 742 3655 antulium
761 3605 802 3656 hic
821 3619 945 3670 apparere
963 3604 1091 3656 irrisionis
1110 3605 1188 3654 vesti·

128 3683 197 3743 pium
226 3685 279 3736 sive
306 3686 376 3752 apud
404 3686 480 3738 huius
507 3688 583 3740 Asini
610 3691 760 3756 scriptorem
788 3691 841 3740 sivo
868 3688 937 3756 apud
964 3691 1049 3754 ipsum
1077 3689 1184 3740 Lucium

128 3768 285 3833 Patrensem,
311 3772 343 3822 ad
372 3788 447 3839 quom
475 3773 598 3826 irridendi
624 3776 689 3826 illud
717 3777 852 3826 consilium
880 3776 1013 3826 transtulit
1038 3775 1185 3841 Buergerns

128 3853 197 3920 (pag.
211 3853 263 3917 57),
281 3872 327 3920 pro
346 3864 414 3909 certo
434 3874 527 3925 negare
545 3860 637 3911 audeo.
667 3861 772 3912 Diltheii
785 3862 939 3912 sententiam
952 3862 980 3911 in
993 3862 1109 3912 oratione
1124 3860 1186 3912 Got-

128 3940 241 3999 tinnensi
263 3941 325 3990 anni
345 3941 409 3992 1879
427 3945 552 4009 prolatam
572 3946 603 3996 de
623 3947 733 4013 Apuleio
752 3953 918 4012 utrarumque
936 3947 1185 4013 metamorphoseon,

129 4040 275 4086 praecorum
299 4030 325 4076 et
348 4027 492 4093 latinarum,
519 4036 624 4082 auctore
643 4048 688 4083 cur
706 4034 814 4098 probare
833 4047 886 4083 non
904 4032 1001 4099 possim
1021 4047 1050 4082 ex
1071 4033 1103 4083 iis
1122 4048 1190 4098 quae

129 4111 238 4176 exposui
258 4112 320 4162 satis
339 4118 455 4178 apparet.

199 4195 217 4257 ¹)
238 4195 287 4248 Cir.
305 4213 426 4248 numeros
444 4199 552 4251 aBirtio
572 4199 693 4252 collectos
706 4199 769 4266 (Das
787 4203 873 4253 antiko
887 4202 1046 4254 Buchwesen
1064 4217 1123 4268 pag.
1136 4200 1191 4253 ‘295'

129 4286 154 4332 et
172 4280 241 4346 338).
276 4283 351 4334 Lucii
375 4283 435 4334 libri
458 4285 555 4351 singuli
577 4285 686 4337 fortasse
706 4287 809 4352 Apuleii
834 4288 927 4338 librum
951 4287 1060 4354 primum
1080 4288 1186 4352 (ibidem

128 4383 187 4434 pag.
201 4365 261 4432 296)
279 4385 332 4420 non
351 4369 458 4419 multum
478 4372 644 4437 superabant.
1088 4440 1103 4473 ο
