3036 5002
653 481 864 544 „69-

227 672 317 733 oerta
343 689 395 734 res
423 672 472 734 est
498 669 531 733 in
559 668 703 734 eiusdem
732 667 853 749 dialogi
877 670 937 734 fine
961 667 999 750 (Ι,
1016 669 1089 748 354,
1105 666 1170 747 34).
1215 667 1292 743 Dio-

227 790 345 853 genem
380 770 651 837 Laoedaemonios
693 771 927 854 vituperantem
961 770 1145 854 interpellat
1179 770 1293 835 Pollux

226 873 280 940 his
303 873 423 940 verbis:
446 869 575 959 Μηδὲν,
598 853 625 934 d
647 865 803 953 Διόγενες,
826 871 898 955 περὶ
920 872 1186 953 Λακεδαιμονίαν
1208 873 1292 953 la'ye‘
1369 873 1371 878 ’

227 971 267 1039 οὔ
300 973 358 1059 γὰρ
391 974 547 1057 designaut
579 996 623 1056 γε.
658 970 680 1038 ἅ
712 972 748 1039 δὲ
781 973 862 1057 πρὸς
893 972 965 1046 τούς
1001 971 1117 1046 ἄλλους
1150 973 1293 1061 ἔφησθα,

228 1077 410 1160 ἀπαγγελῶ,
433 1081 571 1165 adquae
594 1080 649 1144 ille
673 1080 844 1163 respondet
866 1075 1013 1159 ἐάσωμεν
1034 1074 1174 1157 τούτους,
1197 1078 1228 1142 εἴ
1244 1097 1294 1142 ooo

227 1183 324 1249 δοκεῖ.
361 1183 493 1267 Frigida
515 1189 591 1249 sunt
606 1183 746 1248 Pollucis
770 1182 869 1248 verba
892 1187 925 1248 et
946 1183 1154 1265 neglegenter
1169 1182 1291 1248 dictum

227 1287 310 1352 illud
333 1280 355 1350 ἃ
377 1281 412 1349 δὲ
433 1283 515 1367 πρὸς
536 1283 609 1355 τούς
631 1281 748 1355 ἄλλους
770 1280 903 1369 ἔφησθα
926 1285 965 1351 de
988 1285 1146 1351 mandatis
1168 1286 1292 1351 Polluci

228 1390 269 1456 ad
292 1393 418 1456 eeteros
440 1389 586 1456 homines
608 1389 747 1469 traditis,
782 1409 975 1472 quamquam
1004 1389 1218 1455 confitendum
1243 1394 1293 1454 est

227 1492 325 1559 huius
357 1493 444 1559 modi
479 1493 559 1558 vitia
592 1512 760 1559 occurrere
795 1491 882 1575 apud
907 1491 1096 1557 Luoianum.
1146 1492 1293 1558 Praestat

227 1601 336 1663 tamen
371 1595 457 1679 quod
494 1601 544 1662 est
570 1597 602 1660 in
626 1596 780 1662 Vaticano
804 1597 843 1660 87
872 1590 910 1657 ου’
932 1594 1056 1676 (errore
1079 1596 1309 1681 depravatum

227 1701 259 1765 in
274 1695 367 1781 οὐδὲ)
382 1695 440 1781 γὰρ
464 1695 619 1779 αἀἐξομαί
640 1719 674 1778 γε
697 1693 771 1762 οὐδὲ
793 1694 875 1779 πρὸς
896 1695 969 1769 τούς
991 1693 1108 1768 ἄλλους
1123 1692 1145 1760 ἃ
1160 1694 1292 1782 ἔφησθα

228 1799 397 1882 ἀπαγγελῶ
436 1800 492 1883 „Si
529 1801 792 1868 Laoedaemoniis
831 1803 940 1884 pergis
978 1802 1060 1867 male
1099 1802 1213 1882 dicere,
1251 1824 1291 1868 ne

228 1907 344 1973 ceteris
371 1905 501 1990 quidem
528 1925 610 1988 quae
636 1905 797 1970 mandasti
819 1903 976 1970 tradam“.
1020 1905 1144 1970 Rursus
1167 1905 1292 1971 aooedit

226 2010 366 2076 Palatini
400 2009 632 2088 testimonium,
666 2009 722 2092 qui
745 2030 764 2073 a
785 2008 890 2092 prima
912 2028 1009 2073 manu
1032 2003 1109 2071 odda*
1131 2029 1188 2092 pro
1212 2003 1233 2070 a·
1256 2004 1291 2071 δὲ

226 2112 334 2194 habet,
361 2131 466 2196 neque
490 2114 598 2176 tamen
622 2116 745 2177 eertum
769 2114 820 2176 est
842 2110 875 2175 id
898 2112 984 2194 quod
1007 2132 1066 2197 per
1089 2132 1123 2178 se
1146 2116 1291 2196 praestat

225 2215 367 2282 Lneiano
390 2213 598 2280 tribuendum
621 2235 701 2280 esse.

226 2387 306 2439 seben
325 2385 468 2438 Litteratur
491 2385 535 2448 IV,
556 2385 567 2435 l
596 2401 655 2452 pag.
674 2383 718 2450 88)
741 2386 870 2451 Diogenes
898 2377 973 2438 dicit:
999 2381 1173 2453 Ἀλέξανδρος
1199 2379 1250 2452 μὲν
1276 2385 1290 2434 ὁ

224 2469 355 2522 Φιλίππου
377 2469 391 2520 ὅ
413 2469 503 2520 πᾶσαν
520 2466 566 2534 τὴν
578 2468 662 2520 Ἀσίαν
679 2470 714 2526 αἱς
732 2464 841 2521 ἔπαυλιν
858 2467 960 2538 μικρὰν
978 2467 1185 2539 δουλωσάμενος,
1209 2486 1290 2537 προσ-

139 2570 142 2575 ·
223 2553 315 2608 eldor'v
331 2572 381 2624 μοι
398 2552 462 2606 κατὰ
479 2552 525 2619 τὴν
543 2554 674 2623 Κόρινθον
692 2552 952 2623 εἱληθεροσμένῳ
969 2552 1089 2623 παρέστη.
