3036 5002
636 490 869 554 -121-

224 676 354 758 scripsit
378 673 482 756 prodit
505 676 678 756 inscitiam,
701 695 803 759 neque
823 676 939 740 mirum
958 680 1007 740 est
1021 675 1080 740 hae
1097 697 1130 740 re
1147 676 1287 740 maxime

225 778 425 841 imminutam
451 798 521 842 csse
545 779 738 861 scriptorum
762 778 995 844 Luciancoruni
1019 778 1286 844 aestimationem.

310 879 455 943 Breviter
477 884 603 962 tangam
628 889 690 946 non
714 881 803 946 nulla
823 901 906 965 quae
929 883 961 945 in
981 880 1033 947 his
1049 881 1287 964 scriptiunculis

225 985 311 1045 certo
346 984 403 1044 aut
428 982 641 1064 probabiliter
669 983 832 1049 emendari
862 990 894 1048 et
919 984 1006 1049 facili
1034 1003 1132 1068 opera
1158 983 1287 1067 probari

225 1101 319 1164 posse
342 1083 421 1147 mihi
443 1084 600 1149 videntur.
635 1086 669 1150 ln
687 1086 886 1171 Dipsadibus
901 1087 993 1152 initio
1009 1108 1078 1172 cap.
1096 1090 1114 1153 5
1131 1085 1169 1168 (l,
1186 1089 1216 1167 9,
1233 1085 1288 1165 19)

226 1189 299 1268 post
319 1180 545 1267 κατασβεννύοι
567 1188 697 1254 videtur
720 1188 925 1254 scribendum
950 1209 1020 1255 osse
1040 1177 1127 1264 <ού>
1145 1188 1288 1267 λε’γονσιν

227 1286 341 1368 ιάτριῦν
363 1289 476 1359 παῖδες
498 1289 623 1376 ἐκείνην
637 1289 696 1376 τήν
712 1290 815 1353 αλτίαν
831 1277 921 1370 εἶναι,
944 1312 1012 1376 cap.
1030 1295 1049 1356 6
1065 1292 1104 1373 (l,
1119 1294 1149 1373 9,
1166 1289 1221 1372 32)
1236 1291 1290 1352 καί

224 1411 309 1460 τινας
331 1398 479 1471 γυναῖκας
501 1390 741 1477 ὑδροφορούσας
762 1389 830 1474 ἅμα
849 1392 973 1464 πολλαὶς
992 1391 1289 1473 <πολύ>ναταχεῖν

224 1489 258 1555 τύ
283 1487 365 1574 ὕδωρ
390 1490 494 1574 αὐτοῦ,
517 1497 594 1581 quia
616 1498 773 1563 articulus
797 1499 890 1563 alitor
913 1498 1069 1584 explicari
1092 1518 1154 1563 non
1171 1501 1286 1581 potest,

226 1597 363 1680 denique
376 1598 487 1663 eodem
500 1601 606 1685 capite
618 1600 656 1682 (Ι,
667 1603 697 1680 9,
707 1598 764 1681 35)
775 1596 955 1682 γεγραφέναι
971 1597 1007 1663 δὲ
1020 1597 1101 1683 πρὸς
1122 1596 1287 1674 <τούτοις>

225 1695 461 1780 τούπίγραμμα,
477 1703 563 1784 quod
578 1704 642 1768 iam
655 1703 893 1770 Heru'erdenus
909 1705 1074 1770 indicavit.
1104 1704 1138 1769 ln
1152 1701 1289 1786 Scythae

227 1821 295 1885 cap.
312 1804 330 1866 8
347 1801 386 1883 (l,
404 1806 454 1884 19,
471 1802 506 1885 8)
522 1806 674 1872 orationis
697 1808 800 1872 forma
821 1807 854 1871 ni
875 1807 968 1872 fallor
987 1808 1150 1890 flagitatur
1172 1801 1211 1867 ού
1232 1801 1289 1887 γάρ

226 1900 337 1986 μικρὸν
352 1887 393 1990 ἦν
408 1901 521 1970 Σόλων
543 1906 694 1986 ἐπαινῶν,
720 1904 793 1970 αλλ’
817 1908 848 1970 οἱ
870 1905 1040 1992 ἄνθρωποι
1061 1906 1223 1971 καὶτοῦτο
1247 1905 1290 1976 ὥς

226 2008 386 2092 νομο9εἰῃ
420 2005 592 2073 ἐπείθοντο
617 2007 712 2087 <tm
734 2011 869 2092 ἐφίλουν
899 2005 954 2082 οὓς
981 2012 1101 2082 ἐκεῖνος
1128 2006 1291 2090 δοκιμάζοι

225 2109 277 2172 καὶ
302 2111 469 2175 ἐπίστευον
496 2110 642 2196 α’ρίστονς
669 2110 787 2198 ἄνδρας
814 2102 904 2193 εἶναι,
938 2115 994 2180 ubi
1027 2116 1164 2180 fortasse
1191 2115 1289 2180 ctiam

227 2211 309 2300 adop
342 2217 549 2283 inserendum
584 2225 642 2285 cst.
688 2218 764 2302 Cap.
791 2221 830 2283 10
853 2218 892 2299 (l,
910 2221 959 2299 19,
976 2216 1033 2299 37)
1055 2239 1135 2283 usus
1164 2218 1291 2283 videtur

227 2340 357 2403 poscere
374 2316 475 2399 μόνον
491 2318 532 2383 ον’
554 2328 632 2390 ταῖς
652 2315 758 2390 αύταῖς
773 2321 957 2404 συλλαβαῖς,
980 2321 1064 2406 quod
1080 2321 1289 2387 lacobitziuur

226 2424 401 2488 coniecisse
425 2423 528 2503 uideo,
552 2444 608 2506 pro
632 2424 750 2490 tradito
772 2421 874 2504 μόνον
897 2422 953 2488 οὐκ
977 2421 1084 2493 αὐτοῖς
1107 2423 1290 2504 συλλαβαῖς,

226 2547 330 2609 noque
365 2528 473 2589 minus
506 2526 539 2589 in
566 2527 626 2591 fine
654 2525 740 2611 (pag.
759 2530 809 2608 ⁸20,
827 2526 882 2606 91)
915 2527 1133 2592 necessarium
1165 2531 1214 2591 cst
1248 2523 1290 2594 (ἐς

227 2627 316 2708 φίλοι
337 2625 416 2710 ἡμῖν
436 2628 514 2703 <οἱ>
535 2631 667 2690 τοιοῦτοι
689 2631 835 2708 γε’νοιντο,
873 2631 907 2694 ln
933 2630 1056 2695 Baccho
1084 2628 1289 2693 scribendum

227 2752 297 2796 osso
320 2735 398 2813 puto
423 2736 524 2814 cap]
551 2732 589 2813 (Ι,
605 2736 656 2813 al,
673 2733 708 2814 7)
731 2729 843 2794 α’σπίσι
864 2728 922 2813 γιλρ
944 2731 1079 2809 εἴκαζον,
1106 2718 1224 2810 οἶμαι,
1252 2727 1289 2792 τοὶ

228 2830 387 2914 τύμπανα,
421 2854 492 2899 cum
516 2832 568 2895 nol
590 2832 626 2896 τα
649 2831 809 2916 τύμπανα,
837 2836 922 2918 quod
946 2835 1094 2916 traditur,
1122 2856 1138 2900 e
1162 2839 1289 2900 senteu-

228 2939 345 3002 tiorum
369 2958 492 3002 <conexu
516 2938 671 3022 explicari
694 2958 756 3003 nou
780 2937 927 3022 possit¹).
973 2937 1111 3004 Gravius
1139 2942 1290 3022 corrupta

229 3046 304 3106 siurt
339 3041 436 3105 uerba
470 3042 585 3124 capitis
618 3042 706 3107 tertii
733 3040 770 3123 (1,
789 3044 839 3121 91,
857 3040 913 3121 98)
939 3041 1031 3120 σφίσι
1063 3037 1098 3104 δὲ
1124 3039 1176 3102 καὶ
1200 3042 1289 3103 νικᾶν

228 3140 359 3224 αἰσχρὸν
384 3140 488 3206 ἐδόκει
512 3141 563 3205 καλ
590 3139 738 3224 φονεύειν
764 3140 876 3223 γύναια
910 3140 1074 3228 μεμηνότα
1107 3141 1159 3205 καὶ
1188 3142 1289 3228 ἐληλο-

227 3248 341 3331 μίιρην
363 3243 500 3330 ἄρχοντα
521 3245 574 3309 καὶ
594 3243 720 3328 μεθύον
740 3245 873 3330 σμικρὸν
895 3243 1053 3329 γερόντιον
1075 3245 1125 3309 καὶ
1140 3245 1289 3334 ιῑμιστρα-

227 3347 338 3437 ναύτην
372 3347 471 3415 ἄλλον
502 3349 554 3413 καὶ
586 3355 744 3438 γυμνῆτας
777 3347 943 3436 ὀρχηστύς,
979 3348 1101 3420 πάντας
1137 3349 1288 3430 γελοίους.

227 3458 348 3524 Ultima
375 3457 483 3538 uerba,
517 3452 638 3525 πάντας
664 3454 817 3535 γελοίους,
850 3455 914 3519 viui
939 3454 1093 3519 orationis
1116 3455 1233 3519 mirum
1256 3455 1289 3519 iu

299 3626 386 3694 1)1(αῐ
416 3628 553 3681 deiculum
583 3643 640 3680 esse
670 3629 770 3695 putauit
796 3622 973 3679 Hartmanuus
1001 3630 1112 3693 postque
1142 3643 1199 3678 eum
1227 3627 1291 3678 ller-

229 3715 370 3765 u‘ordenus.
405 3715 436 3766 lu
454 3715 543 3767 libello
562 3714 593 3765 de
613 3714 741 3766 calumnia
759 3711 843 3780 cap.5
862 3712 905 3779 (11,
918 3712 977 3778 423,
991 3711 1033 3778 15)
1051 3708 1186 3779 μετάνοια,
1205 3704 1289 3779 οἶμαι,

228 3794 288 3863 αὕτη
315 3793 415 3865 ἐλέγετο
442 3800 574 3852 Βε11ειαε
603 3801 714 3852 coniecit
740 3816 786 3867 pro
818 3795 947 3867 μετάνοια
977 3795 1021 3850 καὶ
1043 3793 1103 3861 αὕτη
1128 3792 1235 3864 ἐλέγετο,
1262 3799 1290 3850 iu

230 3885 419 3952 lcaromenippi
437 3902 493 3952 cap.
506 3885 540 3937 38
553 3884 583 3952 (Ι,
598 3884 654 3949 158,
666 3883 710 3951 34)
728 3885 830 3937 videtur
848 3885 1013 3936 scribendum
1032 3899 1089 3936 esse
1102 3881 1183 3933 καίτοι
1196 3880 1247 3950 πρό
1258 3899 1290 3949 γε

228 3971 270 4034 τῆς
292 3969 334 4020 τοῦ
352 3967 446 4024 παντὸς
463 3967 592 4036 γενέσεως
610 3966 747 4033 ἀδύνατον,
773 3965 856 4038 ολμοι,
880 3966 980 4037 χρόνον
1003 3966 1048 4019 καὶ
1072 3965 1150 4019 τόπον
1172 3963 1292 4022 ἐπινοεῖν

229 4056 285 4122 (cfr.
304 4057 389 4108 lovem
418 4057 569 4123 tragoedum
595 4073 616 4108 c.
635 4056 679 4108 20:
702 4058 722 4122 l,
742 4055 799 4122 143,
818 4055 870 4121 35).
906 4057 1014 4110 Codices
1040 4056 1124 4107 adhuc
1151 4056 1291 4107 examinati

229 4143 324 4194 habeut
350 4135 480 4191 ἀδύνατον
507 4138 552 4191 καὶ
574 4138 675 4208 χρόνον
696 4139 742 4192 καὶ
763 4138 842 4193 τόπον
864 4137 988 4204 ἐπινοεῖν,
1016 4140 1086 4208 quod
1105 4142 1186 4194 multo
1205 4142 1290 4193 minus

228 4232 318 4294 aptum
345 4231 393 4291 est,
420 4226 524 4278 tolerari
549 4230 637 4280 tamen
654 4227 763 4281 fortasse
781 4234 880 4295 posset,
906 4230 960 4281 nisi
978 4245 992 4280 ο
1010 4228 1137 4280 Vaticano
1156 4225 1189 4279 90
1206 4227 1291 4279 trade·

228 4322 298 4365 retur
316 4314 343 4364 in
362 4313 478 4379 margine
496 4305 571 4378 οἶμαι
588 4313 703 4365 additum
723 4329 788 4380 esse,
815 4315 885 4381 quod
907 4332 921 4367 o
940 4315 1025 4382 priore
1042 4313 1141 4365 familia
1160 4319 1290 4381 sumptum

229 4405 255 4452 et
271 4400 308 4451 ita
325 4402 355 4450 ut
372 4399 423 4451 feci
441 4398 620 4466 accipiendum
639 4415 695 4452 osse
715 4401 800 4453 credo.
