3036 5002
643 459 876 521 —129-

225 644 427 731 quaesivisse
451 642 600 708 rideatur
615 646 761 726 scriptor,
783 643 936 709 irridendi
954 645 1219 727 superstitionem
1237 652 1294 710 aut

223 747 394 815 miraculis
416 745 558 811 terrendi
581 747 751 811 consilinm
778 749 808 810 ln
825 768 861 812 eo
879 767 938 811 non
956 752 1117 831 appareat.
1149 746 1293 832 Scriptor

224 850 364 917 Lucium
387 850 481 930 fingit
503 851 566 914 iter
587 851 690 915 facere
717 852 748 914 in
773 850 982 929 Thessaliam,
1010 856 1130 916 terram
1159 852 1292 934 magieis

231 952 356 1020 artibus
376 952 547 1033 celebrem,
581 956 618 1016 ut
651 953 695 1017 ihi
721 954 752 1017 in
776 954 902 1018 asinum
927 974 1001 1018 enm
1030 959 1190 1019 mutatum
1221 975 1292 1021 esse

233 1055 360 1122 tradere
379 1055 491 1141 possit,
516 1060 549 1120 et
574 1057 606 1120 in
634 1056 695 1120 line
724 1077 833 1121 rursus
857 1077 896 1121 ex
920 1057 1009 1121 asino
1026 1057 1190 1122 hominem
1205 1059 1292 1124 facit.

238 1156 302 1224 Sed
321 1157 370 1225 hie
389 1158 492 1224 semel
515 1159 676 1223 concessis
698 1158 779 1222 nihil
803 1179 859 1242 per
881 1163 984 1224 totum
1009 1159 1154 1224 libellum
1176 1161 1295 1226 accidit

235 1259 319 1345 quod
348 1266 459 1327 contra
492 1282 597 1326 rerum
632 1266 779 1326 naturam
809 1263 874 1341 fiat,
908 1282 1008 1346 eaque
1036 1263 1157 1346 patitur
1184 1265 1294 1330 asinus

231 1384 311 1449 quae
330 1366 401 1449 pati
423 1364 548 1430 asinum
566 1364 706 1429 humana
720 1374 826 1430 mente
843 1366 1026 1448 praeditum
1047 1371 1293 1432 consentaneum

228 1468 395 1548 11111111
418 1467 514 1551 quod,
536 1472 574 1532 ut
596 1467 664 1532 fieri
687 1487 816 1533 necesse
837 1475 888 1534 est
910 1470 942 1533 in
969 1468 1097 1548 fabulis,
1126 1489 1198 1534 cum
1226 1474 1294 1534 arte

228 1570 380 1654 quadarn,
402 1569 639 1636 modestissime
662 1576 780 1649 tamen,
804 1578 837 1636 et
852 1572 979 1637 iocandi
996 1573 1180 1638 occasiones
1197 1592 1294 1656 quae-

228 1678 345 1739 runtur
366 1678 399 1740 et
420 1673 595 1755 legentium
621 1675 800 1758 expectatio
825 1676 994 1740 excitatur.
1036 1673 1099 1740 Sed
1121 1680 1295 1760 utrumque

229 1776 324 1859 longe
350 1777 441 1843 abest
472 1782 505 1843 et
531 1779 571 1843 ab
599 1799 637 1843 ea
664 1779 784 1844 ratione
814 1799 877 1861 qna
904 1779 937 1842 in
964 1777 1235 1863 Philopseudibns
1264 1783 1297 1844 et

232 1878 316 1948 Vera
346 1881 482 1947 historia
508 1880 671 1946 Lucienus
698 1902 793 1965 qnam
825 1882 980 1965 plurimas
1007 1901 1057 1946 ros
1083 1886 1193 1946 narrat
1220 1902 1295 1948 con-

235 1984 317 2051 sulto
349 1985 397 2051 ita
428 1985 518 2050 fictas
552 1989 589 2050 ut
616 1984 703 2050 credi
726 2005 787 2050 non
811 1986 944 2068 possint,
968 1988 1001 2049 et
1023 1984 1063 2049 ab
1087 2005 1124 2049 eo
1147 1990 1296 2069 portenta

236 2090 268 2155 et
300 2088 420 2155 scelera
457 2088 651 2169 congerendi
686 2089 793 2154 studio
831 2088 917 2172 quod
954 2089 986 2152 in
1023 2088 1156 2172 Apuleii
1193 2093 1296 2154 meta-

235 2190 443 2275 morphoseon
470 2191 561 2257 lihris
588 2197 731 2276 apparet.
783 2191 853 2268 Qua
878 2192 912 2255 in
939 2212 973 2256 re
1001 2210 1106 2274 neque
1134 2192 1295 2258 Rohdium

232 2300 318 2361 reete
332 2293 494 2360 indicasse
510 2316 613 2380 neque
630 2294 885 2361 Goldbaohernm
896 2293 921 2376 ¹)
937 2315 997 2359 non
1014 2300 1081 2359 1111
1098 2294 1295 2363 demonstari

230 2401 339 2483 potest
359 2417 456 2482 quam
479 2418 589 2464 ornnes
612 2400 667 2482 qui
690 2400 826 2463 aliarum
850 2401 1075 2482 quaestionum
1091 2400 1213 2466 ratione
1233 2421 1295 2465 non

230 2500 340 2567 habita
361 2501 508 2567 libellum
532 2501 1101 2585 11111111111111111111111111111,
1125 2503 1296 2568 eonsilium

231 2604 407 2689 scriptoris,
435 2606 463 2669 11
490 2605 621 2688 quidem
650 2605 689 2670 do
714 2604 888 2669 11111111
913 2603 1021 2670 libello
1045 2607 1156 2687 quaeri
1179 2610 1296 2687 potest,

230 2727 293 2773 non
326 2707 416 2774 aliud
450 2728 521 2773 esse
556 2709 619 2772 nisi
654 2709 847 2772 narrationis
875 2707 916 2772 ad
939 2706 1093 2772 tenendos
1121 2707 1296 2789 legentium

231 2811 356 2877 animes
378 2811 511 2876 idoneae
536 2815 568 2875 et
591 2810 752 2875 hilaritate
776 2810 913 2893 quadarn
938 2830 1139 2894 conspersae.

318 2912 400 2980 Cum
423 2913 482 2978 hoc
505 2915 670 2998 scriptoris
694 2914 825 2978 consilio
851 2913 969 2996 optime
987 2915 1136 2978 convenit
1151 2915 1297 2998 quaesita

231 3017 383 3085 narrandi
411 3017 614 3101 simplicitas,
652 3037 747 3100 (pram
776 3018 845 3082 iure
872 3017 904 3081 in
929 3037 966 3083 eo
990 3018 1120 3098 agnovit
1141 3017 1296 3097 Rohdius,

231 3141 336 3206 neque
366 3119 554 3204 quidquam,
589 3121 616 3186 11
644 3122 677 3184 11
704 3122 893 3185 universum
922 3121 1076 3185 orationis
1104 3122 1238 3186 formam
1266 3125 1298 3186 11

232 3244 284 3291 111
306 3227 454 3290 11111111
480 3227 614 3308 spectes,
641 3223 672 3288 in
701 3224 808 3290 lihello
836 3226 920 3289 inest
947 3224 1033 3306 quod
1059 3222 1225 3289 offensioni
1254 3225 1298 3290 sit

233 3331 291 3393 aut
316 3347 358 3394 ex
385 3326 467 3392 alius
497 3327 661 3410 scriptoris
696 3347 790 3411 opere
819 3329 888 3392 eins
915 3327 1158 3409 explicationem
1186 3332 1296 3412 petere

233 3434 334 3514 cogat.
379 3429 573 3496 Accnratins
601 3436 708 3497 autem
737 3430 871 3512 singulis
899 3431 1092 3495 examinatis
1118 3449 1181 3494 non
1209 3431 1298 3496 nulla

234 3537 407 3599 occurrunt
440 3552 521 3616 quae
555 3533 651 3600 aliter
677 3533 828 3618 explicari
855 3553 917 3597 non
945 3537 1081 3617 possunt
1106 3533 1169 3598 nisi
1196 3538 1232 3598 ut
1259 3555 1297 3598 ex

234 3637 298 3702 alio
320 3636 403 3704 libro
432 3658 471 3703 ea
497 3641 648 3721 excerpta
676 3642 713 3711 et
734 3638 897 3701 eontracta
923 3655 992 3701 esse
1022 3635 1201 3701 credamus.
1247 3635 1296 3702 De

233 3740 409 3807 levioribus
436 3740 533 3807 huius
560 3741 606 3804 rei
633 3739 787 3821 exemplis
814 3739 952 3805 iudicari
978 3744 1065 3804 certo
1094 3759 1157 3804 non
1180 3744 1296 3823 potest,

235 3844 311 3927 quia
353 3865 413 3929 per
456 3864 490 3909 se
536 3847 679 3927 spectata
718 3847 849 3923 possent
884 3843 1020 3907 fortasse
1058 3848 1114 3906 111
1151 3844 1295 3907 excusari

237 3947 377 4032 simphci
398 3947 454 4013 illo
478 3952 512 4013 et
533 3948 640 4011 minus
662 3949 810 4008 accurato
832 3944 983 4008 narrandi
1006 3963 1123 4025 genere
1150 3950 1207 4009 ant
1227 3944 1297 4009 tolli

236 4050 467 4131 emendatione,
491 4070 564 4115 cum
587 4045 760 4115 admodum
784 4044 868 4112 male
890 4047 1033 4113 libellum
1056 4045 1210 4111 traditum
1227 4067 1296 4113 esse

236 4206 438 4213 ----....-—-

306 4288 325 4356 ¹)
343 4289 493 4343 Zeitschrilt
521 4287 563 4340 1111
592 4289 634 4340 die
664 4286 866 4339 ostreiehisehen
897 4285 1056 4353 Gymnasien
1085 4285 1179 4337 XXIII
1208 4282 1298 4352 (1872)

236 4389 295 4443 pag.
313 4373 364 4428 318
382 4390 421 4444 sq.

1080 4468 1095 4523 θ
