3036 5002
655 460 868 524 ..63-

230 646 366 727 minore,
401 667 483 731 quae
516 648 555 713 ab
580 647 678 712 Asino
711 646 836 730 incipit,
869 647 1023 730 pleraque
1056 646 1180 712 incerta
1207 650 1293 729 sunt,

229 751 353 817 Asinus
375 751 446 834 ipse
469 750 562 815 initio
578 750 709 833 quidem
734 772 751 814 e
770 748 923 814 Vaticano
940 751 981 814 90
1004 749 1133 815 fluxisse
1156 750 1293 832 videtur,

228 854 345 920 Timon
368 859 402 920 et
420 853 586 920 Somnium
610 854 782 917 mixtorum
806 853 916 933 generi
938 853 1152 918 adscribenda
1174 858 1249 918 sunt
1258 852 1291 934 ¹).

228 957 338 1040 Longe
375 958 553 1042 principem
593 961 701 1021 antem
739 957 823 1020 inter
860 955 987 1020 codices
1024 956 1137 1021 classis
1175 957 1293 1040 prioris

227 1060 334 1125 locum
361 1065 469 1126 tenere
490 1065 615 1125 constat
631 1058 910 1124 Vindobonensem
927 1058 963 1137 B,
987 1059 1043 1141 qui
1066 1058 1105 1122 ab
1125 1060 1293 1144 archetypi

227 1164 366 1229 lectione
400 1184 464 1229 non
490 1163 674 1246 discrepare
710 1162 838 1226 videtur
870 1163 935 1227 nisi
969 1164 1000 1226 in
1028 1162 1216 1244 levioribus,
1252 1163 1292 1229 de

228 1268 407 1350 multisque
442 1268 562 1332 rectius
596 1273 628 1331 et
661 1266 780 1331 certius
814 1269 924 1348 posset
950 1265 1087 1330 iudicari
1113 1267 1142 1331 si
1167 1267 1293 1349 integer

228 1374 368 1435 aetatem
392 1370 531 1436 tulisset.
566 1368 660 1433 Nunc
682 1370 714 1434 in
738 1369 850 1433 multis
872 1368 992 1434 libellis
1016 1370 1084 1434 eius
1108 1369 1176 1434 loeo
1199 1373 1292 1435 uten-

229 1472 308 1537 dum
336 1477 386 1537 est
412 1473 494 1552 aliis,
522 1474 605 1537 inter
631 1492 710 1554 quos
735 1471 883 1536 Vaticani
908 1474 990 1537 1324
1013 1478 1045 1537 et
1064 1475 1104 1536 76
1128 1472 1183 1560 ubi
1207 1493 1292 1538 com-

228 1577 338 1660 parari
353 1580 490 1660 possunt
514 1596 586 1640 cum
604 1574 843 1640 Vindobouensi
865 1576 912 1639 ita
933 1595 1007 1641 cum
1031 1596 1068 1640 eo
1092 1577 1294 1641 consentiunt

229 1682 268 1743 ut
300 1681 398 1744 etiam
433 1680 489 1744 ubi
524 1679 578 1744 ille
605 1678 703 1763 periit
729 1696 790 1740 non
818 1679 935 1760 exigua
957 1678 1035 1743 fides
1057 1679 1203 1745 habenda
1226 1679 1292 1745 illis

230 1782 282 1862 sit,
303 1786 390 1847 certe
407 1784 509 1846 maior
524 1802 618 1866 quarn
637 1780 798 1845 llarciano
815 1782 877 1844 436
895 1786 928 1846 et
944 1780 1133 1862 Gorlicensi,
1154 1802 1292 1866 quorum

229 1890 364 1968 uterque
386 1887 599 1969 interpolatus
623 1888 681 1949 est.
728 1883 819 1948 Hane
847 1884 1112 1966 observationem,
1140 1886 1202 1951 etsi
1228 1906 1290 1950 non

229 1989 351 2072 pariter
373 1990 406 2052 in
430 2010 539 2054 omnes
562 1988 687 2055 libellos
710 1985 806 2065 cadit,
829 1986 862 2051 in
885 1989 1071 2054 universum
1094 2009 1201 2054 veram
1220 2009 1291 2054 esse

228 2091 373 2156 inveniet
394 2093 450 2175 qui
474 2115 539 2157 rem
565 2090 746 2155 accuratius
769 2095 993 2174 persequetur3
1016 2113 1100 2157 norm
1116 2112 1133 2157 e
1148 2091 1290 2172 Timone,

228 2194 261 2258 in
285 2214 349 2277 quo
374 2195 439 2260 solo
464 2217 548 2260 niano
572 2195 647 2259 licet
670 2193 860 2258 Vaticanum
883 2197 923 2258 76
952 2199 983 2259 et
1007 2193 1226 2260 Gorlicensem
1250 2216 1291 2260 ex

228 2302 386 2381 apparatu
401 2297 622 2363 Fritrscbiano
639 2317 832 2380 comparare,
851 2298 1010 2381 proferam
1026 2299 1174 2383 exempla
1189 2319 1292 2383 pauca

226 2400 368 2464 maxime
402 2401 542 2482 insignia
569 2402 828 2484 interpolationis
855 2402 886 2464 in
915 2400 1092 2467 Gorlieensi
1119 2402 1291 2483 admissae,

227 2503 268 2568 ab
291 2502 346 2567 illo
369 2503 503 2583 alienae,
537 2526 605 2589 cap
632 2507 671 2568 16
698 2500 732 2565 νδ
757 2502 875 2582 μέλλον
897 2524 955 2589 pro
977 2500 1011 2565 νδ
1035 2498 1122 2581 ὅλον,
1156 2525 1223 2589 cap.
1250 2510 1287 2570 17

226 2602 284 2668 ἐπ’
305 2601 394 2686 ἔρωτι
417 2606 542 2669 παίδων
564 2607 702 2691 γνησίων
725 2627 780 2690 pro
803 2602 860 2667 ἐπ’
882 2601 982 2688 α’ρόνῳ
999 2606 1125 2669 παίδων
1140 2608 1289 2691 γνησίων,

224 2711 282 2776 ubi
307 2711 339 2773 in
356 2713 387 2769 Ψ
410 2711 565 2776 audacius
581 2712 676 2776 etiam
695 2710 922 2793 interpolatum
938 2715 988 2774 est
1002 2705 1146 2793 ἐπαρῴνο
1163 2710 1289 2773 παίδων

225 2812 365 2897 γνησίων
387 2814 538 2892 γενέσθαι
560 2809 675 2897 πατήρ,
700 2833 781 2896 quae
806 2832 867 2876 non
891 2817 977 2877 recte
1001 2815 1162 2879 intellexit
1184 2814 1288 2879 Fritz-

225 2916 350 2995 schius3
367 2936 435 3000 oap.
451 2919 489 2980 18
506 2914 525 2979 o‘
541 2912 659 2997 potede
675 2937 731 3000 pro
748 2915 767 2978 ὁ
783 2909 908 2993 Φινεύς,
924 2937 991 3001 cap.
1007 2919 1046 2982 28
1062 2918 1289 3002 μεγαλοψυχία

224 3040 283 3104 pro
308 3019 515 3098 μεγαλαυχία.
555 3020 617 3085 Ubi
641 3022 739 3102 igitur
762 3020 800 3084 dc
825 3021 941 3103 prioris
965 3021 1105 3087 familiae
1130 3024 1289 3106 scriptura

225 3123 334 3188 osolo
357 3123 461 3187 adbuc
485 3123 662 3190 Gorliccnsi
689 3128 823 3203 constat,
858 3123 1033 3188 cavendum
1068 3129 1117 3190 est
1149 3147 1188 3190 ne
1217 3127 1288 3191 eius

225 3226 527 3309 interpolationibus
550 3227 757 3310 decipiamur.

312 3617 545 3684 Lucianeorunr
589 3620 734 3685 codicum
773 3622 917 3705 plerique
955 3641 971 3685 e
1009 3622 1107 3686 variis
1145 3623 1287 3690 fontibus

224 3721 436 3801 conglutinati
460 3728 544 3799 sunt,
569 3742 673 3807 neque
698 3725 744 3788 ita
767 3725 869 3788 solum
893 3728 930 3787 ut
953 3723 1007 3786 alii
1030 3723 1131 3789 libelli
1155 3747 1193 3790 ex
1214 3728 1287 3792 aliis

224 3823 390 3890 codicibus
420 3829 604 3907 peterentur
626 3827 683 3891 sed
706 3827 805 3891 etiam
828 3828 874 3892 ita
896 3832 933 3891 ut
955 3830 987 3890 in
1011 3828 1145 3909 singulis
1168 3830 1287 3897 libellis

293 4027 310 4094 ¹)
330 4029 470 4081 Rarissime
492 4035 624 4097 praetcrea
641 4033 737 4084 accidit
754 4037 783 4083 ut
800 4033 878 4099 paulo
898 4033 978 4084 maior
995 4033 1142 4085 libellorum
1161 4050 1284 4087 numerus

223 4117 338 4167 ecodice
352 4117 445 4183 prioris
465 4117 555 4168 classis
574 4119 601 4170 in
618 4120 785 4170 recentiorem
798 4119 910 4185 aliquem
923 4119 1038 4170 codicem
1052 4121 1287 4173 transscriberetur.

225 4201 309 4254 Unum
340 4203 381 4253 hic
412 4202 488 4254 allero
519 4204 670 4256 Vaticanum
700 4203 758 4269 2⁸24,
788 4221 801 4254 e
832 4205 906 4255 cuius
936 4205 1011 4256 initio
1039 4204 1183 4271 Somnium,
1212 4208 1286 4259 cuius

224 4288 346 4339 memoria
369 4288 397 4341 in
419 4290 503 4354 priore
526 4289 624 4341 familia
642 4295 775 4357 praeterea
793 4305 899 4357 prorsus
918 4291 1019 4342 videtur
1037 4291 1121 4343 deleta
1140 4308 1205 4358 esse,
1228 4309 1286 4345 eum

195 4384 198 4388 '
225 4372 311 4425 lructu
330 4374 439 4426 conferri
458 4374 568 4427 fortasse
588 4378 690 4442 proterit.
