3036 5002
592 472 802 534 ..19-

167 657 379 722 interstitium
401 659 458 720 aut
480 656 605 721 nullum
622 664 671 722 est
686 661 742 722 aut
757 659 937 723 minimum.
971 659 1057 725 Idem
1074 661 1226 728 librarius

165 765 274 825 utrum
297 759 396 824 variis
418 759 620 844 temporibus
641 763 950 845 utramquepartem
974 765 1153 830 exaraverit
1175 785 1226 845 an,

166 863 253 947 quod
289 861 370 927 mihi
403 861 602 945 probabilius
636 863 742 928 visum
776 867 835 944 est,
873 864 936 929 duo
974 866 1118 932 eiusdem
1157 868 1226 933 lere

167 969 294 1047 aetatis,
327 985 384 1048 pro
411 967 497 1029 oerto
521 964 696 1030 diiudicare
723 986 785 1031 non
809 967 921 1048 audeo,
958 988 1060 1052 neque
1088 971 1224 1036 multum

168 1072 277 1151 refert,
311 1090 384 1134 oum
408 1067 447 1133 de
470 1066 599 1132 diversa
624 1069 792 1152 utriusque
815 1069 917 1154 partis
944 1071 1064 1154 origine
1092 1077 1182 1138 oonst
1202 1078 1225 1139 t.

168 1173 221 1238 Ex
254 1171 411 1238 secundae
444 1171 557 1236 elassis
589 1170 697 1236 oodiee
724 1172 857 1237 alteram
885 1193 1071 1257 expressam
1098 1196 1167 1242 esse
1195 1179 1228 1241 et

169 1275 352 1341 libellorum
376 1274 452 1340 ordo
475 1272 567 1339 dooet
589 1294 663 1339 oum
685 1275 741 1339 illa
762 1277 828 1342 fere
849 1278 1051 1343 consentiens
1067 1282 1100 1343 et
1116 1279 1227 1361 singu·

167 1379 271 1444 larum
296 1378 471 1443 lectionum
504 1377 709 1456 examinatio,
743 1398 935 1463 quamquam
963 1401 1002 1446 ea
1027 1380 1134 1448 minus
1156 1386 1227 1448 tuto

165 1483 226 1547 niti
251 1502 435 1566 possumne,
463 1500 535 1545 oum
558 1480 670 1545 borum
694 1481 848 1547 librorum
873 1483 987 1569 optimi
1010 1485 1136 1552 oodiees
1158 1486 1227 1572 ple·

165 1606 302 1670 rumque
326 1584 468 1651 nondum
491 1584 599 1649 eollati
622 1585 695 1649 sint.
731 1584 849 1651 Contra
870 1587 957 1672 prior
979 1608 1054 1672 pars
1070 1594 1227 1672 quantum

168 1711 187 1755 a
223 1688 383 1755 secundae
420 1687 533 1753 elassis
565 1687 758 1754 lectionibus
792 1690 973 1773 discrepare
1008 1692 1112 1757 soleat
1147 1694 1228 1759 satis

169 1796 281 1857 notum
304 1796 363 1872 est,
385 1810 489 1875 neque
514 1789 654 1855 dubitari
676 1795 784 1875 potest
806 1795 884 1877 quin
907 1794 1010 1858 multa
1031 1798 1062 1859 in
1086 1794 1227 1861 Lnoiano

171 1895 264 1960 aliter
287 1895 509 1974 scriberentur,
534 1894 560 1959 si
585 1895 711 1976 integra
733 1899 871 1961 aetatem
894 1897 1031 1962 tulisset.
1077 1898 1171 1964 Nune
1194 1898 1227 1963 id

171 1998 256 2081 quod
281 1999 314 2064 in
342 2001 403 2065 fine
426 1996 628 2063 desideratur
653 2020 716 2064 non
743 2000 851 2081 magni
878 2001 1030 2064 momenti
1056 2006 1118 2081 est3
1146 2001 1228 2066 nibil

170 2102 253 2166 enim
265 2102 401 2187 periisse
412 2101 726 2183 nisiMaerobiorum,
738 2102 847 2167 ultimi
856 2101 1227 2186 libelli,finem,deletum

168 2226 232 2270 una
253 2225 327 2270 oum
342 2205 512 2288 Peregrino
537 2211 570 2271 et
591 2205 813 2287 Fugitivorum
840 2205 943 2286 initio,
967 2208 1150 2273 enumeris
1174 2207 1228 2290 qui

168 2309 304 2391 singulis
320 2309 440 2375 libellis
455 2309 489 2374 in
505 2310 648 2391 margine
665 2308 768 2374 additi
784 2314 869 2389 sunt,
893 2311 1016 2374 eertum
1041 2314 1098 2376 est.
1133 2311 1228 2376 Initio

168 2415 275 2477 autem
299 2412 420 2477 oodieis
443 2412 642 2495 undeviginti
665 2413 821 2496 opuscula
839 2413 976 2497 periisse
992 2412 1088 2478 iidem
1105 2414 1230 2478 numeri

167 2534 225 2599 pro
254 2519 339 2580 oerto
363 2515 486 2581 docent.
532 2517 597 2581 lam
623 2536 695 2580 oum
720 2537 847 2582 summa
870 2516 912 2581 sit
933 2516 1030 2581 huius
1054 2516 1174 2582 oodieis
1196 2517 1229 2581 in

167 2617 304 2683 Luoiani
323 2617 431 2684 verbis
447 2618 654 2684 restituendis
671 2619 855 2700 auotoritas,
878 2618 959 2683 illud
974 2620 1114 2684 maxime
1131 2638 1229 2703 quae·

169 2721 306 2786 rendum
333 2725 394 2803 est,
420 2743 498 2787 num
525 2726 612 2787 extet
639 2743 723 2787 nuno
749 2721 847 2787 etiam
874 2720 956 2786 alius
983 2721 1084 2786 oodex
1111 2727 1168 2786 aut
1189 2742 1230 2787 ex

170 2824 240 2908 ipso
259 2824 501 2892 Vindobonensi
525 2827 713 2890 etiamtum
737 2825 860 2906 integro
883 2830 941 2890 aut
963 2844 1003 2889 ex
1026 2825 1095 2889 eius
1118 2824 1229 2891 arohe-

172 2931 247 3013 typo
273 2927 464 3012 descriptus.
509 2928 613 2994 Nemo
638 2932 746 2993 tamen
776 2927 880 2994 adhue
903 2928 985 2993 hano
1008 2928 1230 3011 quaestionem

172 3029 289 3113 attigit,
310 3051 504 3116 quamquam
528 3033 595 3097 veri
617 3032 756 3113 vestigia
772 3032 851 3097 satis
867 3032 1032 3097 luculenta
1047 3032 1111 3096 iam
1128 3031 1230 3098 oodex

171 3132 365 3201 Gorlioensis
381 3135 533 3219 praebere
549 3140 683 3219 poterat,
708 3135 763 3218 qui
787 3156 859 3200 eum
882 3136 915 3199 in
931 3135 1094 3221 plerisque
1117 3155 1227 3201 eorum

169 3256 301 3321 operum
325 3258 407 3322 qnae
422 3238 677 3304 Vindobonensis
700 3238 830 3304 exbibet
853 3258 927 3303 oum
948 3258 985 3303 eo
1001 3239 1174 3322 oonspiret,
1196 3239 1230 3303 in

168 3341 240 3407 aliis
265 3362 327 3406 non
351 3341 458 3422 nullis,
482 3362 564 3426 quae
580 3362 665 3407 nuno
681 3342 713 3406 in
730 3340 971 3407 Vindobonensi
986 3360 1048 3405 non
1064 3347 1230 3426 apparent,

169 3444 307 3528 optimas
329 3444 483 3511 lectiones
507 3445 667 3529 praebeat,
701 3445 783 3509 hane
806 3463 934 3528 quoque
963 3442 1082 3509 oodiois
1104 3447 1227 3527 partem

168 3568 188 3612 a
220 3546 352 3612 libroB
386 3551 443 3612 aut
476 3548 546 3612 eius
581 3547 754 3632 archetypo
788 3547 927 3632 pendere
962 3547 1119 3629 suspicari
1144 3547 1229 3612 lieet.

167 3649 275 3717 Nimis
296 3654 405 3716 tamen
427 3651 530 3715 multa
552 3652 583 3715 in
607 3650 662 3714 illo
687 3650 796 3716 eodioe
819 3650 921 3714 mixta
943 3652 1019 3714 sunt
1033 3650 1231 3733 nimisqnea

168 3754 303 3837 pristino
327 3753 437 3819 ordine
462 3754 584 3819 reoedit
607 3773 701 3836 quam
725 3759 762 3817 ut
786 3753 912 3835 singula
936 3773 976 3817 ex
999 3772 1035 3817 eo
1052 3756 1139 3818 oerto
1156 3772 1230 3818 oon-

168 3857 261 3922 stitui
295 3856 429 3941 possint.
476 3854 541 3922 Sed
574 3861 687 3922 extant
721 3856 776 3920 alii
810 3855 926 3940 prioris
954 3853 1066 3921 elassis
1093 3856 1230 3936 oodioes,

168 3981 245 4026 sane
266 3960 466 4046 pauoissimi,
489 3961 545 4044 qui
567 3964 676 4026 tamen
700 3961 838 4025 certiora
860 3958 985 4024 dooent.

255 4063 407 4129 Omnium
429 4065 680 4145 vetustissimus,
704 4083 784 4147 quos
807 4060 936 4144 quidem
960 4062 1044 4142 novi,
1067 4065 1116 4126 est
1140 4059 1231 4126 Vati-

169 4165 418 4249 oanus13241),
453 4167 580 4232 saeoulo
614 4168 679 4235 lere
713 4164 900 4230 duodeoimo
928 4164 967 4229 ab
995 4164 1104 4230 eadem
1133 4185 1232 4228 manu

240 4336 258 4402 ¹)
277 4339 379 4390 Primus
397 4338 454 4389 eius
472 4339 629 4390 montionem
648 4337 710 4389 feeit
723 4337 751 4388 P.
764 4336 796 4387 de
808 4336 915 4398 Nolbae,
933 4334 1022 4385 Rerue
1040 4333 1072 4385 de
1090 4333 1231 4400 philologia

171 4421 237 4475 1884
255 4438 313 4490 pag.
329 4422 385 4475 147.
995 4485 1030 4537 ῳ
