3036 5002
479 457 690 518 -97-

54 635 171 710 ἄλλους
193 638 237 711 οἷς
258 639 442 712 α’δικοῦνιας
464 640 630 704 αἰτιῶνται.
668 643 778 727 itaque
801 645 880 710 haee
902 645 969 710 fere
999 644 1119 729 seripta

54 745 155 811 fuisse
189 745 353 810 videntur:
386 742 466 808 'Ati'
498 740 580 807 ἔστιν
609 741 742 824 αγαίλοίν
769 744 895 830 α’νδριόν
922 743 985 827 dp'
1012 733 1057 808 ὧν
1085 728 1120 808 εὖ

54 849 200 910 ποιοῦσιν
227 845 315 909 αὐτοὶ
340 839 410 916 τοὺς
438 846 551 927 φίλους
574 844 784 927 α’νακτᾶσὶλαι,
820 846 876 911 οὐκ
899 847 963 930 ἀφ’
985 837 1029 912 oin
1051 843 1122 918 τοὺς

55 946 171 1020 ἄλλους
199 949 243 1021 οἷς
266 948 452 1020 α’δικοῦντας
479 948 637 1014 αίτιαῖνται
658 949 709 1014 καὶ
731 957 896 1032 μισεῖσθαι
918 949 1120 1036 παρασκευά-

55 1057 161 1131 ζουσιν
195 1051 291 1131 δόξαν
324 1051 450 1122 εὐνοίας
475 1051 717 1136 προσλαβόντας
744 1053 931 1135 εὐδοκιμεῖν.
977 1055 1120 1120 Facilius

55 1158 192 1224 iudieari
215 1162 324 1242 potest
346 1157 384 1222 de
402 1157 509 1223 verbis
526 1177 592 1242 oap.
610 1160 629 1223 8
646 1156 735 1240 (424,
753 1159 818 1239 14),
839 1180 920 1243 qnae
936 1159 1121 1224 scribuntur

56 1256 132 1331 ιὶίςτε
160 1257 199 1323 οὕ
221 1252 299 1321 κατὰ
320 1256 354 1322 τὸ
374 1259 495 1322 δίκαιον
516 1257 569 1321 καὶ
590 1250 624 1322 τὸ
643 1257 781 1340 νόμιμον
803 1259 855 1324 καλ
876 1261 928 1324 τὸν
952 1257 1046 1344 ὅρκον
1068 1262 1122 1324 τὸν

57 1361 228 1426 δικαστικὸν
252 1363 332 1447 φαίη
356 1385 399 1433 τις
422 1359 462 1426 ἂν
485 1365 630 1443 γίνεσθαι
649 1359 702 1433 τοὶς
724 1361 886 1444 διαβολάς,
920 1386 992 1430 eum
1021 1366 1121 1429 inter-

56 1468 268 1552 pretationem
291 1467 503 1533 Hoffmannus
527 1468 641 1532 reddat
665 1461 741 1536 ὥςτε
762 1464 814 1527 καὶΙ
835 1462 924 1550 παρὰ
944 1468 979 1530 τὸ
1000 1467 1122 1529 δίκαιον

58 1590 137 1655 eq.
162 1593 186 1637 s.
233 1571 277 1637 Re
304 1593 381 1636 vora
409 1575 517 1636 antem
545 1591 608 1635 non
636 1565 713 1640 ιῖίςτε
740 1566 779 1632 οὐ
799 1572 877 1632 κατὰ
902 1571 1043 1636 traditur
1065 1570 1121 1635 sed

58 1667 132 1743 ιίίςτε
158 1661 219 1734 καὶΙ
235 1671 324 1752 κατά,
357 1694 438 1758 quae
465 1695 528 1739 non
556 1673 662 1738 minus
685 1674 779 1739 faeile
803 1675 836 1738 in
861 1669 937 1743 ὤςτε
959 1671 1011 1734 καὶ
1032 1671 1120 1756 παρα

57 1773 91 1839 τὸ
118 1776 240 1839 δίκαιον
273 1778 391 1842 mutari
424 1782 569 1860 possunt.
626 1776 701 1860 Cap.
732 1780 770 1842 12
805 1775 894 1858 (425,
922 1776 978 1858 34)
1013 1777 1121 1842 editur

59 1877 177 1959 ὁμοίως
221 1876 257 1941 δὲ
300 1876 419 1949 τούτοις
463 1875 522 1942 κᾶν
566 1885 633 1949 ταῖς
669 1879 787 1960 φιλίαις
824 1881 886 1942 τῶν
924 1875 1122 1959 εὐδαιμόνων

57 1979 173 2045 τούτοιν
196 1982 321 2062 γίνεται,
344 1984 567 2066 interpretatio
591 1982 731 2048 traditur
752 1983 869 2048 habore
893 1977 980 2061 tpa‘
1002 1965 1059 2045 οῗιν
1083 1979 1121 2066 δι)

57 2083 185 2165 τινος,
208 2086 264 2151 un
287 2086 326 2151 <a
348 2067 406 2148 aa
429 2085 537 2150 auara
558 2086 681 2167 auaro,
706 2081 801 2166 ὅμοια
824 2086 1028 2151 scribendum
1053 2107 1122 2152 esse

60 2190 141 2255 vidit
162 2192 226 2255 iarn
251 2189 498 2255 Herwerdenns.
537 2189 684 2274 Denique
708 2209 777 2274 cap.
796 2192 835 2254 13
859 2187 948 2270 (426,
965 2189 1000 2271 2)
1024 2191 1122 2255 inter-

58 2295 197 2380 pretatio
221 2293 372 2358 recedere
396 2293 523 2357 videtur
546 2313 565 2357 a
588 2293 736 2359 eodieum
760 2294 917 2358 memoria
939 2294 1007 2358 sine
1024 2293 1122 2358 dubio

59 2397 242 2483 depravata,
267 2395 310 2466 oie
333 2399 408 2476 γοῦν
431 2393 484 2458 ἐπὶ
505 2393 540 2458 τι)
562 2393 646 2460 πολι)
669 2393 705 2457 τοὶ
722 2393 883 2479 προσόντα
898 2398 940 2478 up
956 2395 1123 2477 διαβαλλο-

59 2501 144 2583 μένῳ
159 2497 242 2582 πρὸς
256 2497 291 2562 τὸ
302 2505 408 2581 χεῖρον
423 2495 675 2580 μεταβάλλοντες
690 2495 746 2561 oria
762 2496 946 2570 αιτιθιίνονς
960 2503 1124 2563 ποιοῦνται

59 2600 112 2674 τὰς
134 2603 333 2688 κατηγορίας,
360 2594 428 2666 οἷον
449 2601 504 2665 τὸν
526 2599 587 2682 μὲν
611 2601 716 2685 ἰατρὸν
732 2600 955 2684 διαβάλλουσιν
978 2601 1021 2673 οἷς
1043 2624 1122 2686 φαρ-

59 2708 172 2788 μακία,
194 2703 249 2769 τὸν
270 2703 425 2769 πλούσιον
448 2703 483 2768 δὲ
506 2703 549 2774 οἷς
571 2700 735 2787 τύραννον,
757 2703 811 2768 τὸν
830 2705 1013 2789 τυραννικὸν
1029 2703 1065 2768 δὲ
1080 2706 1123 2776 οἷς

59 2806 255 2893 προδοτικόν.
315 2810 439 2876 Ultima
483 2813 634 2895 eorrupta
679 2830 747 2875 esse
789 2810 872 2874 vidit
908 2808 1122 2876 Solrwartzius

59 2912 282 2996 (Mnemosyne
305 2913 390 2993 XIV,
408 2912 495 2993 200),
530 2914 584 2995 qui
613 2914 744 2996 seripsit
770 2910 824 2974 τὸν
847 2909 1000 2976 πλούσιον
1024 2911 1059 2975 δὲ
1082 2912 1124 2983 οἷς

59 3014 254 3100 τυραννικόν,
286 3015 341 3080 τὸν
374 3015 560 3097 ἐλευθέριον
593 3013 629 3077 δὲ
662 3013 704 3085 οἷς
737 3012 935 3096 προδοτικόν.
991 3017 1124 3083 Leniore

59 3122 221 3188 medicina
253 3121 382 3187 restitui
417 3120 496 3183 haee
530 3121 584 3184 vix
618 3125 777 3203 poterunt,
813 3121 869 3185 sed
902 3141 959 3204 pro
986 3123 1042 3186 illo
1069 3118 1124 3183 nin

59 3224 244 3308 ἐλευθέριον
266 3228 401 3310 possunt
424 3222 550 3306 aptiora
566 3225 751 3304 excogitari,
775 3224 994 3307 recipiendum
1013 3230 1122 3290 autem

60 3332 110 3395 est
130 3332 266 3394 fortasse
288 3328 328 3393 ab
351 3329 539 3409 interprete,
575 3328 631 3409 qui
667 3328 751 3407 „dux
784 3326 965 3394 exereitus“
996 3329 1124 3394 dedisse
1208 3372 1212 3380 ·

59 3432 209 3513 traditur,
231 3429 285 3492 τὸν
307 3426 478 3513 στρατηγὸν
502 3430 552 3494 vel
575 3427 629 3492 τὸν
652 3426 863 3514 στρατηγικόν.

144 3534 216 3600 Non
250 3535 353 3599 multa
387 3537 461 3598 sunt
488 3552 569 3616 quae
603 3532 643 3598 ad
670 3535 775 3618 ipsius
801 3533 904 3597 libelli
931 3536 1053 3597 textum
1079 3554 1118 3597 on

59 3639 323 3723 interpretatione
351 3636 434 3701 disoi
463 3639 609 3719 possunt,
647 3641 781 3721 apparet
805 3640 912 3700 tamen
941 3637 1041 3701 tuisse
1068 3636 1124 3700 ilio

61 3746 204 3826 tempore
239 3742 380 3806 eodieem
417 3742 472 3822 qui
499 3740 549 3805 vel
577 3740 617 3804 ab
644 3740 684 3805 iis
711 3761 791 3823 qrrae
818 3740 948 3823 utrique
977 3740 1124 3804 eodieum

60 3850 241 3912 nostrorum
265 3845 407 3908 familiae
423 3844 606 3907 eommunia
622 3863 691 3908 esse
707 3843 866 3922 videntur,
890 3843 969 3908 satis
986 3843 1125 3926 graviter

62 3949 268 4034 discreparet.
314 3946 376 4012 Sed
403 3947 487 4011 idem
516 3968 587 4010 eum
616 3947 681 4011 iliis
707 3946 742 4010 in
768 3948 881 4012 multis
908 3947 1124 4030 gravibusque

61 4054 149 4120 vitiis
184 4052 355 4131 consentit,
389 4051 416 4115 si
440 4049 571 4133 quidem
593 4048 807 4115 Hoffmannus
842 4051 950 4114 omnia
983 4050 1126 4113 enotavit

62 4176 143 4240 qnae
178 4154 401 4221 observatione
437 4153 533 4235 digna
566 4156 651 4216 sunt.
700 4152 783 4218 Nam
813 4152 910 4217 otiam
937 4156 1126 4235 praeterea

63 4279 143 4345 quae
166 4258 361 4325 Iaeobitzius
395 4260 427 4321 et
453 4256 624 4321 Bekkerus
659 4258 852 4319 monuerunt
884 4255 979 4337 plura
1006 4259 1081 4318 sunt
1107 4275 1126 4317 a

63 4364 140 4430 viris
164 4362 268 4428 doetis
292 4364 405 4444 postea
420 4363 477 4424 aut
493 4364 580 4423 eerto
597 4357 768 4423 emendata
783 4361 840 4421 aut
854 4358 924 4421 inre
941 4358 972 4420 in
991 4357 1123 4421 (trabium

909 4473 923 4525 Ἰ
