3036 5002
652 492 862 555 ,35-

225 682 360 746 nimium
396 680 497 743 fuisse
531 679 562 741 in
598 677 656 741 1111
684 697 718 741 11
746 677 825 741 mihi
853 697 1041 760 persuasum
1077 682 1135 759 est,
1169 682 1288 761 quanto

224 785 328 849 maior
362 783 405 846 sit
438 780 516 845 fides
550 780 652 864 partis
680 782 708 843 A
743 784 885 863 apparet.
933 778 994 846 Sed
1029 782 1211 846 accuratius
1238 780 1288 845 1111

226 887 368 970 quinque
396 883 514 949 libellis
544 882 734 947 examinatis
757 881 881 947 nullum
906 883 1067 947 intereos
1091 904 1160 950 esse
1181 882 1288 948 inveni

226 990 281 1073 qui
309 1008 441 1073 prorsus
469 987 564 1051 certis
592 986 791 1066 argumentis
819 985 947 1050 excludi
975 986 1086 1071 possit.
1137 985 1288 1051 Omnium

228 1092 387 1155 maximas
414 1088 629 1154 dubitationes
658 1093 766 1152 movet
794 1085 995 1166 Soloceista,'
1015 1089 1070 1173 qui
1105 1110 1180 1154 sene
1215 1110 1287 1154 cum

228 1192 423 1276 Lexiphene,
447 1191 563 1257 similis
579 1193 761 1272 argumenti
777 1190 895 1270 libello,
923 1197 1127 1274 comparatus
1147 1194 1288 1258 auctoris

229 1296 355 1360 videtur
384 1315 455 1360 esse
483 1294 715 1359 multominus
739 1295 818 1360 bene
841 1295 874 1358 in
898 1293 1034 1375 dialogis
1058 1295 1287 1379 componendis

227 1404 260 1464 et
285 1399 452 1463 hominum
480 1398 624 1462 moribus
648 1397 858 1481 depingendis
881 1398 1015 1478 verseti3
1049 1398 1168 1464 sedne
1192 1399 1225 1463 in
1247 1399 1288 1464 iis

224 1501 352 1587 quidem
375 1500 551 1584 dequibus
573 1499 812 1566 nemodubitat
835 1500 944 1566 cedem
969 1521 1097 1586 semper
1122 1501 1288 1586 scriptoris

224 1627 277 1670 111
292 1604 326 1669 in
341 1603 463 1669 talibus
478 1623 633 1687 apparere
650 1603 771 1683 solet¹).
808 1603 926 1669 Contra
942 1604 974 1669 in
992 1603 1148 1687 Parasito,
1170 1606 1288 1671 libellis

224 1708 274 1773 De
297 1707 473 1787 sacrificiis,
496 1706 545 1771 De
567 1707 667 1788 luctu,
690 1707 738 1772 De
760 1707 922 1771 calumnie
943 1707 1120 1773 identidem
1135 1709 1288 1793 perlectis

227 1812 344 1876 iustam
380 1809 549 1876 dubitandi
583 1830 712 1875 causam
746 1830 808 1875 non
843 1810 981 1875 invenio.
1037 1809 1177 1877 Parasiti
1211 1832 1287 1876 sene

227 1913 360 1979 facetiae
385 1933 447 1978 non
475 1913 573 1978 nimis
596 1913 733 1996 placent,
759 1933 864 1997 neque
886 1917 993 1978 tamen
1017 1913 1064 1978 ita
1086 1918 1288 1999 comparatae

229 2020 304 2081 sunt
325 2021 361 2082 ut
381 2015 524 2082 Lucieno
553 2016 652 2082 tribui
676 2036 737 2081 non
760 2018 893 2100 possint.
939 2016 1056 2083 Libelli
1080 2017 1119 2083 de
1142 2018 1233 2082 luctu
1256 2022 1290 2084 11

228 2120 265 2186 de
289 2119 453 2185 sacrificiis
475 2120 522 2184 ita
544 2140 615 2184 cum
634 2119 726 2185 libris
751 2124 836 2185 certo
853 2120 1024 2186 Lucianeis
1047 2121 1145 2186 etiem
1166 2121 1199 2185 in
1223 2121 1289 2186 sin-

225 2224 309 2304 gulis
335 2224 539 2289 consentiunt
560 2227 598 2287 ut
619 2225 825 2308 nonpossint
846 2244 910 2289 non
933 2228 989 2289 eut
1004 2223 1043 2290 ab
1059 2225 1130 2308 ipso
1146 2223 1289 2290 Lucieno

225 2332 282 2392 eut
302 2347 378 2393 eum
398 2326 548 2392 imitandi
565 2347 661 2391 causa
677 2326 851 2411 conscripti
868 2348 950 2409 esse,
972 2327 1163 2393 imitationis
1179 2332 1288 2394 autem

224 2431 361 2512 vestigia
382 2430 473 2495 nulle
494 2427 691 2515 apparente.
726 2429 760 2495 In
777 2431 1044 2496 commentatione
1062 2430 1101 2496 de
1118 2430 1288 2512 calumnie,

225 2534 277 2599 cui
303 2554 380 2599 sane
407 2533 523 2599 similis
550 2535 633 2599 inter
660 2554 756 2618 opera
777 2532 939 2599 Lucienee
964 2554 1027 2598 non
1052 2538 1152 2616 extat,
1186 2535 1289 2600 multe

224 2638 305 2702 mihi
339 2637 490 2702 videntur
524 2638 648 2720 egregie
680 2641 714 2702 et
747 2635 922 2718 subtiliter,
960 2656 1153 2719 quemquem
1192 2637 1288 2722 paulo

226 2739 340 2822 fusius,
378 2739 525 2825 exposita
562 2759 642 2821 esse,
680 2744 717 2804 ut
750 2740 791 2804 iis
825 2743 910 2805 certe
943 2759 1007 2804 non
1040 2741 1199 2805 assentiar
1232 2742 1288 2824 qui

298 2941 315 3010 ¹)
332 2945 438 2998 Praeter
456 2944 625 2997 Soloecistam
648 2945 679 2997 de
698 2945 820 3012 Menippo
844 2960 946 3012 quoque
968 2959 1022 2997 non
1041 2946 1097 2998 sine
1117 2961 1195 2998 causa
1213 2945 1289 2998 dubi·

229 3034 297 3082 tasse
323 3031 384 3083 mihi
410 3031 530 3083 videntur
556 3032 604 3083 viri
632 3032 818 3098 elegantissimi
845 3031 944 3095 iudicii,
971 3031 1091 3097 Selenes,
1115 3032 1289 3097 WielandiuS,

228 3116 367 3182 lacobsius,
394 3133 479 3184 neque
503 3117 644 3184 quidquam
673 3121 761 3169 contra
785 3133 829 3169 eos
851 3117 961 3184 proiecit
983 3117 1143 3169 Fritzsehius
1167 3118 1199 3169 iis
1223 3133 1288 3184 quae

227 3201 370 3270 disputavit
388 3201 463 3267 lll‚2
482 3217 541 3269 pag.
555 3202 625 3254 LVI.
663 3202 766 3255 (lartum
793 3203 842 3255 hoc
869 3205 941 3269 puto,
970 3204 1119 3271 Menippum
1144 3204 1288 3256 imitatione

226 3304 257 3340 ex
269 3289 465 3355 lceromenippo
484 3289 595 3355 aliisque
614 3288 719 3355 scriptis
731 3288 870 3340 Lucianeis
888 3304 943 3340 non
960 3290 1038 3341 nimis
1052 3291 1118 3342 bene
1137 3306 1287 3357 expressum

208 3390 295 3438 ,esse;
315 3375 405 3426 nescio
423 3377 511 3426 tamen
529 3390 563 3425 an
582 3374 650 3426 credi
669 3375 753 3441 possit
771 3375 856 3440 ipsum
870 3374 1030 3440 scriptorem,
1049 3390 1123 3441 quem
1136 3390 1190 3427 11111
1202 3376 1289 3428 omnia

225 3461 282 3527 pari
308 3476 370 3512 eura
396 3463 520 3512 tractasse
547 3459 702 3526 easdemque
729 3460 881 3524 sententiaa,
908 3476 941 3511 ne
964 3476 1010 3527 per
1032 3476 1060 3512 se
1084 3461 1188 3527 quidem
1210 3461 1288 3512 nimis

225 3561 324 3612 graece,
349 3561 433 3612 usque
460 3546 491 3598 ad
519 3546 653 3597 festidium
676 3549 792 3612 repetere
815 3546 920 3598 solitum
944 3561 1001 3597 esse
1025 3546 1129 3610 saepius
1153 3546 1288 3597 observare

225 3632 293 3696 licet,
316 3647 374 3683 cum
392 3646 444 3683 uno
463 3632 529 3684 libro
547 3632 667 3698 plausum
687 3631 833 3683 auditorum
854 3631 1000 3695 excitasset,
1023 3630 1112 3682 codem
1131 3631 1236 3683 invento
1255 3631 1288 3682 ed

225 3719 303 3770 alium
328 3718 535 3784 componendum
558 3717 680 3768 usumin
699 3732 780 3782 eaque
798 3732 825 3768 re
844 3717 921 3769 solito
940 3716 1017 3767 etiem
1035 3717 1215 3784 neglegentius
1233 3733 1287 3768 ver·

225 3808 309 3856 satum
334 3819 399 3856 esse.
435 3803 573 3855 Frilzschii
595 3803 718 3866 11111111,
746 3802 841 3868 quibus
863 3803 907 3854 illc
929 3803 1066 3870 utriusque
1088 3802 1149 3854 libri
1171 3805 1288 3870 tempora

225 3889 333 3942 definire
351 3892 460 3942 conatus
479 3892 519 3941 est
536 3887 610 3954 (11,1
630 3904 689 3956 pag.
703 3886 751 3939 159
771 3893 796 3941 et
813 3887 886 3954 lll,2
904 3904 964 3956 pag.
976 3888 1054 3953 LVI)
1073 3888 1158 3941 sciens
1175 3891 1288 3955 praeter-

226 3976 310 4029 mitto.

295 4060 315 4128 ²)
334 4060 484 4114 Sententiae
511 4075 577 4127 qnae
603 4060 645 4112 his
671 4059 767 4112 libellis
790 4060 956 4126 proferuntur
979 4076 1034 4112 non
1056 4063 1108 4111 tam
1133 4058 1287 4111 christianae

226 4150 295 4211 sunt,
318 4151 348 4199 ut
372 4150 426 4197 eret
449 4146 493 4212 qui
516 4145 639 4209 crederet,
665 4162 741 4212 quem
760 4145 921 4212 Menippeas,
944 4154 969 4196 et
991 4147 1044 4196 tem
1062 4158 1143 4211 prope
1161 4145 1288 4197 accedunt

226 4232 258 4283 ad
273 4232 359 4284 lovem
378 4231 548 4295 confutatum,
566 4235 595 4282 ut
613 4231 676 4282 haec
694 4232 743 4282 tria
761 4232 888 4298 opuscula
906 4231 994 4283 eadem
1013 4232 1098 4282 aetate
1117 4231 1212 4296 scripta
1230 4246 1287 4282 esse

225 4317 369 4384 videantur,
399 4333 451 4384 qna
467 4316 599 4368 Lucienus
623 4318 728 4385 proprio
750 4316 796 4368 illo
820 4316 950 4369 scribendi
973 4331 1066 4383 genere
1090 4317 1159 4382 quod
1177 4317 1205 4368 in
1222 4317 1288 4368 eele-

226 4403 344 4456 berrimis
362 4403 419 4455 eius
437 4401 542 4468 scriptis
560 4406 667 4469 apparet
685 4402 797 4455 nondum
817 4403 945 4454 utebatur.
980 4400 982 4405 ’

1050 4499 1085 4554 3*
