3036 5002
640 470 874 534 -131-

229 651 400 718 θάλασσαν
422 651 564 738 ἁρπάσαι
588 652 640 717 καὶ
666 651 801 736 α’φανεῖς
826 657 969 741 ποιῆσαι,
995 653 1047 718 καὶ
1071 653 1160 722 τέλος
1188 645 1291 722 αὐτοῖς

228 760 317 820 τοῦτο
339 761 395 843 τῆς
410 760 579 840 συμφορᾶς
593 755 713 820 καὶτοῦ
728 755 871 821 θανάτου
887 759 1047 838 γενέσθαι.
1078 756 1291 822 Dominorum

229 861 322 926 domo
346 863 488 927 extincta
511 865 655 946 pastores
678 863 849 944 aufugiunt
869 862 1024 927 ducentes
1041 861 1138 927 etiam
1154 859 1291 938 asinum,

229 964 285 1045 qui
318 964 364 1027 ita
399 984 437 1028 ex
471 964 526 1028 illo
553 964 693 1047 periculo
716 969 870 1029 servatur.
915 964 950 1027 ln
973 964 1024 1028 his
1046 963 1128 1028 illud
1150 962 1290 1044 primunr

230 1064 397 1130 offensioni
440 1069 490 1131 est
531 1067 615 1149 quod
659 1068 698 1133 de
740 1067 875 1148 virginis
912 1070 1003 1150 patre
1044 1065 1125 1130 nihil
1163 1064 1299 1129 omnino·

229 1174 387 1244 narratur,
421 1170 476 1251 qui
507 1174 615 1235 tamen
643 1172 670 1236 si
698 1171 793 1235 ctiam
822 1175 889 1234 tum
918 1168 1057 1249 vivebat,
1091 1170 1206 1233 domus
1227 1186 1291 1232 non

229 1275 298 1334 erat
332 1272 523 1336 vacuefacta.
575 1272 664 1349 Quae
699 1276 807 1338 autem
842 1272 881 1337 de
913 1291 1065 1336 novorum
1100 1271 1290 1334 maritorum

229 1377 331 1437 morte
365 1378 545 1456 narrantur,
580 1381 613 1441 ct
646 1377 730 1440 mira
762 1381 838 1440 sunt
871 1379 904 1440 et
937 1395 975 1440 ea
1006 1373 1160 1439 orationis
1187 1373 1292 1438 forma

229 1477 410 1559 conscripta
442 1496 523 1560 quao
559 1480 705 1560 intellegi
735 1479 788 1542 vix
816 1479 920 1562 possit
946 1477 1103 1559 longeque
1139 1476 1224 1541 absit
1251 1476 1290 1541 ab

229 1600 265 1642 eo
308 1578 432 1644 dicendi
474 1601 589 1662 genere
633 1582 719 1665 quod
756 1582 834 1646 alibi
870 1581 923 1646 hio
961 1580 1097 1663 scriptor
1135 1578 1290 1663 sequitur.

228 1680 461 1748 Emendatione
488 1683 569 1748 nihil
595 1684 648 1750 hic
670 1687 843 1770 proficitur,
871 1684 929 1750 sed
956 1686 1091 1766 apparet
1112 1682 1291 1747 uberiorem

229 1784 478 1867 disputationem
496 1792 553 1851 aut
568 1789 675 1871 inepte
691 1792 884 1854 contractam
906 1790 962 1851 aut
977 1786 1106 1849 omnino
1123 1784 1290 1869 expulsam

229 1906 300 1951 esse
324 1887 395 1952 aliis
419 1890 488 1954 eius
513 1890 581 1955 loco
604 1891 795 1957 festinanter
818 1888 1009 1974 repositis1).

314 1989 390 2074 Cap.
412 1994 453 2056 49
476 1991 564 2077 (pag.
586 1995 658 2076 369,
680 1993 735 2074 34)
768 1998 917 2059 narratur
945 1989 963 2054 ὁ
990 1986 1025 2053 δὲ
1058 1989 1239 2075 Μενεκλῆς,
1273 1989 1291 2053 ὁ

228 2088 385 2178 δεσπότης
407 2093 511 2180 ἡμῶν,
545 2091 652 2179 ὥσπερ
680 2093 774 2182 ἔφην,
804 2095 915 2179 ἕκτης
937 2092 1175 2178 Θεσσαλονίκης
1197 2093 1291 2176 δεῦρο

228 2194 380 2281 ἐληλύθει
412 2195 469 2260 ἐπ’
495 2197 577 2283 αἰτίη
605 2197 739 2284 τοιαύτη,
784 2200 899 2283 Neque
934 2198 973 2263 de
1007 2198 1136 2264 nomine
1170 2197 1292 2264 domini

228 2303 320 2366 cuins
354 2303 437 2367 servi
471 2305 597 2370 asinum
631 2308 776 2371 emerant
801 2322 905 2386 neque
928 2302 967 2367 de
989 2301 1115 2367 itineris
1138 2321 1236 2366 causa
1257 2301 1291 2365 in

227 2405 491 2471 antecedentibus
525 2406 700 2490 quidquam
736 2407 857 2473 dictum
894 2409 952 2470 est.
1003 2406 1150 2489 Apparet
1180 2411 1290 2469 autem

227 2530 265 2572 ex
289 2508 428 2590 Apuleio
454 2508 505 2590 (li,
524 2508 578 2589 18)
606 2530 667 2575 non
702 2514 768 2575 tam
802 2512 834 2574 in
869 2507 1133 2573 antecedentibus
1168 2507 1291 2590 aliquid

227 2611 382 2673 omissum
406 2629 502 2693 qnam
524 2611 584 2677 hoo
607 2614 676 2677 loco
703 2613 879 2677 orationem
903 2631 965 2674 non
990 2611 1069 2674 bene
1094 2612 1289 2673 contractam

228 2731 311 2791 csse3
333 2732 405 2775 narn
431 2714 517 2796 apud
533 2715 625 2778 illum
642 2733 769 2798 quoque
786 2713 825 2778 de
842 2714 965 2778 domini
987 2712 1115 2776 nomine
1138 2716 1171 2776 et
1185 2711 1292 2794 patria

228 2814 332 2897 deque
354 2816 481 2882 itineris
504 2837 602 2882 eausa
624 2818 676 2883 hic
699 2818 829 2883 demum
852 2817 967 2897 agitur.

315 2919 438 2984 Asinus
473 2920 505 2984 in
539 2920 665 2986 theatro
700 2921 733 2985 in
760 2921 934 2985 humanam
960 2919 1074 2984 faciem
1098 2917 1291 2982 reformatus

228 3022 314 3106 apud
336 3022 515 3106 praesidem
539 3044 652 3089 nomen
676 3045 771 3089 suum
798 3024 1001 3106 patriamque
1025 3020 1104 3086 dicit
1126 3020 1165 3085 ab
1189 3039 1290 3102 eoque

228 3127 260 3190 in
277 3126 406 3191 domum
423 3147 514 3192 suam
531 3128 696 3212 recipitur,
720 3121 866 3208 ἐντούτῳ
883 3120 919 3187 δὲ
933 3123 974 3204 (o.
993 3127 1048 3206 553
1063 3144 1134 3208 pag.
1148 3125 1221 3205 372,
1234 3121 1290 3204 30)

226 3227 278 3290 xci
293 3227 311 3292 ὁ
326 3226 466 3310 α’δελφὸς
481 3228 499 3291 ὁ
514 3227 592 3308 ἐμὸς
614 3227 758 3311 alpinam,
781 3225 928 3310 α’ργύρκον
949 3224 1000 3288 καὶ
1016 3222 1099 3289 ἄλλα
1113 3247 1170 3306 μοι
1184 3221 1290 3291 πολλὰ

225 3333 376 3413 κομίζων,
397 3329 457 3396 noio·
479 3330 575 3416 τούτῳ
599 3353 640 3413 με
656 3332 674 3396 ὁ
689 3329 796 3415 ἄρχων
809 3330 948 3416 δημοσίᾳ
962 3325 1094 3393 πάντων
1109 3324 1291 3392 ἀκουόντων

225 3432 370 3514 (incida,
385 3434 437 3498 καὶ
451 3433 601 3507 ἐλθόντες
613 3433 667 3499 εἀὶ
680 3433 851 3499 θάλασσαν
862 3436 942 3498 ναῦν
954 3429 1168 3518 ἐσκεψάμεθα
1180 3455 1208 3500 e.
1221 3453 1251 3518 q.
1265 3455 1289 3500 s.

227 3543 371 3607 Fratrem
388 3542 559 3625 pecuniam
576 3543 703 3625 aliaque
717 3542 751 3606 in
768 3540 861 3606 Lucii
876 3560 971 3605 usum
989 3538 1171 3604 necessaria
1184 3537 1290 3602 Patris

227 3645 485 3710 Thessalonicam
509 3664 572 3709 non
599 3638 752 3726 ἐντούτῳ
776 3643 890 3708 afferre
906 3641 1050 3726 potuisse
1065 3643 1209 3724 apparet,
1232 3639 1291 3706 sed

226 3748 419 3813 narrandum
443 3752 513 3813 erat
528 3746 664 3813 Lucium
690 3747 777 3833 apud
798 3745 978 3830 praesidem
1003 3747 1069 3809 tam
1093 3745 1151 3810 diu
1167 3764 1297 3810 remam.

227 3853 307 3917 sisse
331 3852 429 3917 donec
451 3853 550 3916 frater
572 3851 677 3916 Patris
700 3849 946 3916 Thessalonicae
969 3848 1081 3914 adesse
1097 3851 1217 3932 posset.
1246 3847 1291 3914 Ut

227 3960 334 4020 autem
367 3973 499 4037 praeses
526 3953 663 4020 Lucium
691 3952 823 4039 publice
851 3952 1031 4018 absolveret
1052 3954 1126 4035 post
1148 3971 1187 4017 ea
1208 3970 1291 4035 quae

297 4209 314 4276 ¹)
333 4211 424 4280 Neque
453 4216 540 4264 tamen
570 4212 645 4266 credo
673 4225 762 4263 eorum
788 4211 874 4263 locum
901 4210 1017 4263 tenuisse
1044 4208 1113 4276 apud
1139 4207 1291 4275 scriptorem

226 4299 375 4364 primarium
398 4314 428 4351 aa
447 4313 512 4366 quae
529 4299 657 4366 Apuleius
675 4297 755 4349 tradit
773 4297 857 4350 octavi
875 4297 935 4350 libri
953 4296 1037 4360 initio,
1061 4310 1112 4361 qua
1131 4293 1162 4346 de
1180 4309 1207 4345 rc
1228 4286 1290 4346 σοα-Ι

225 4383 331 4436 ferenda
358 4389 419 4438 sunt
441 4400 506 4453 quae
526 4388 618 4447 contre
636 4384 774 4437 Maassium
794 4383 937 4452 disputavit
955 4382 1100 4447 Buergerus
1119 4395 1179 4449 pag.
1197 4378 1230 4433 45
1249 4395 1288 4450 sq.

1054 4481 1088 4537 9*
