3036 5002
296 538 311 564 ι
656 493 866 556 -37-

230 683 377 762 receptos
393 698 463 743 esse
478 676 641 742 videbant.
679 677 822 743 Deorum
840 678 1020 759 concilium,
1036 675 1293 759 Tyrannicidam‚

230 781 427 846 Abdicatum
461 779 566 845 videri
600 780 728 846 additos
763 801 834 846 esse
862 802 879 845 1
907 780 1016 845 codice
1043 779 1155 845 classis
1177 779 1293 862 prioris

230 904 330 968 supra
352 884 497 968 exposui,
520 887 697 948 ceterorum
719 883 838 947 fontem
859 888 895 948 ut
917 883 1103 965 indagarem
1127 881 1208 946 mihi
1230 901 1293 945 non

231 987 377 1068 contigit.
427 985 512 1052 Satis
540 986 736 1050 multatum
762 987 917 1070 temporis
944 986 1100 1070 opuscula
1126 1005 1201 1050 vere
1229 982 1294 1048 Lu-

233 1092 344 1157 cianea
377 1088 470 1154 etiam
498 1108 643 1153 seorsum
671 1109 690 1152 a
713 1090 899 1172 corporibus
923 1089 964 1168 A,
988 1088 1023 1167 B,
1048 1087 1076 1152 D
1099 1086 1294 1167 ferebantur,

234 1213 369 1277 quorum
403 1211 465 1256 non
497 1191 597 1270 nulla,
632 1190 671 1256 de
699 1193 816 1273 quibus
844 1191 985 1256 dubitari
1021 1211 1083 1255 non
1110 1193 1225 1273 potest,
1260 1191 1293 1254 in

232 1301 355 1382 partem
373 1294 397 1360 C
419 1297 550 1377 recepta
573 1297 656 1357 sunt.
696 1293 807 1376 Neque
823 1299 929 1359 tamen
945 1294 1135 1359 mirabimur
1150 1293 1295 1374 potuisse

231 1400 298 1464 fieri
331 1403 369 1463 ut
401 1398 462 1462 hoe
496 1396 589 1461 modo
624 1400 657 1460 et
690 1397 860 1462 interirent
893 1416 991 1479 opera
1024 1416 1097 1460 vere
1131 1395 1295 1461 Lucianca

230 1500 439 1585 (quamquam
474 1499 533 1563 hoc
565 1502 674 1563 utrum
710 1519 743 1563 re
772 1520 848 1564 vera
874 1501 993 1566 factum
1023 1502 1066 1565 sit
1092 1519 1191 1564 necne
1218 1500 1294 1564 sciri

229 1604 358 1669 omnino
394 1624 458 1668 non
497 1600 614 1686 potest)
654 1606 686 1666 et
722 1603 982 1667 immiscerentur
1018 1603 1131 1667 aliena.
1186 1601 1293 1667 Nimis

230 1706 333 1771 multa
363 1710 471 1771 tamen
507 1704 559 1768 hic
592 1724 718 1788 quoque
746 1705 929 1788 seposuisse
954 1705 1140 1770 Belrkerum
1163 1704 1293 1769 demon-

232 1809 328 1873 strari
359 1808 392 1873 in
425 1827 487 1872 non
521 1806 619 1871 nullis
653 1812 769 1891 potest.
814 1806 950 1872 Luciani
983 1828 1053 1873 1111
1077 1808 1236 1888 imagines
1261 1813 1294 1871 11

233 1931 343 1977 earum
379 1910 596 1976 defensionem
631 1930 689 1994 pro
723 1913 809 1974 certo
837 1910 901 1974 dici
925 1913 1040 1995 potest,
1076 1910 1152 1992 quia
1178 1909 1293 1991 Lycini

231 2034 365 2100 persona
386 2015 489 2079 utitur
513 2015 661 2098 scriptor,
684 2013 770 2097 quod
792 2015 898 2078 faeere
923 2017 1048 2097 poterat
1062 2012 1292 2078 autLucianus

230 2116 300 2202 ipse
322 2122 379 2182 aut
400 2117 549 2182 falsarius
574 2118 643 2182 eius
666 2136 781 2181 nomen
805 2115 969 2197 simulans,
993 2116 1091 2181 talem
1111 2121 1218 2181 autem
1235 2135 1290 2180 111-

229 2220 333 2286 titisse
356 2239 438 2284 anno
463 2223 608 2285 161111
632 2220 736 2301 magis
760 2219 847 2284 credi
868 2222 976 2303 potest
991 2239 1087 2302 quam
1104 2219 1290 2285 recentioris

228 2324 343 2388 aetatis
367 2323 545 2404 sophistam
569 2323 711 2405 aliquem
735 2325 833 2385 totam
858 2343 924 2387 rem
950 2324 1080 2388 finxisse
1104 2324 1151 2387 ita
1167 2325 1202 2387 ut
1217 2342 1289 2386 cum

227 2426 373 2492 Panthea
406 2429 613 2510 componeret
644 2424 821 2489 Lucianum
857 2446 918 2490 non
953 2446 1027 2490 eum
1062 2427 1118 2508 qui
1151 2427 1184 2489 in
1217 2445 1290 2509 pro-

227 2529 378 2595 vectioris
406 2529 522 2593 aetatis
550 2528 679 2611 scriptis
707 2533 850 2610 apparet,
879 2528 935 2594 sed
962 2529 1122 2594 rhetorem
1146 2528 1235 2592 nulla
1257 2549 1290 2593 re

226 2633 397 2714 insignem.
442 2629 566 2697 Similis
594 2631 737 2696 condicio
765 2634 815 2695 est
840 2631 941 2696 libelli
965 2632 1013 2697 Ι)1
1036 2632 1096 2696 dea
1121 2629 1223 2716 Syria,
1257 2632 1289 2695 in

228 2754 290 2818 quo
312 2733 449 2799 Luciani
477 2735 582 2817 patria
608 2733 688 2799 adeo
713 2737 822 2817 aperte
846 2733 1007 2798 indicatur
1030 2733 1110 2817 (cap.
1130 2738 1145 2797 1
1171 2736 1289 2814 1160),

228 2840 274 2917 nt,
297 2836 324 2902 si
347 2841 434 2902 esset
454 2858 517 2902 non
538 2836 730 2917 Lucianeus‚
756 2836 922 2917 fingendus
945 2841 1029 2902 essct
1051 2838 1195 2901 imitator
1216 2837 1288 2901 imi-

229 2942 315 3005 tatus
336 2939 514 3005 Lucianum
541 2940 720 3004 imitantem
745 2938 953 3004 Herodotum.
1000 2939 1088 3015 Quae
1116 2943 1226 3005 autem
1249 2939 1289 3004 ad

229 3042 311 3107 hunc
332 3042 479 3108 libellum
503 3047 535 3107 et
558 3042 597 3106 ad
621 3043 812 3126 opusculum
828 3043 876 3108 De
900 3044 1074 3125 astrologia
1096 3042 1135 3108 de
1153 3043 1289 3108 dialecto

228 3149 431 3226 monuerunt,
467 3165 562 3228 quam
597 3166 665 3210 rem
699 3166 755 3211 cur
783 3145 951 3210 credamus
980 3144 1168 3227 diligentius
1192 3165 1288 3229 quam

227 3253 333 3314 cetera
359 3248 441 3313 solet
468 3252 624 3314 tractasse
648 3249 826 3314 Lucianum
851 3261 912 3312 non
936 3248 1041 3328 video,
1068 3249 1109 3313 iis
1132 3269 1194 3313 non
1217 3249 1289 3332 plus

227 3352 382 3436 probatur
408 3370 504 3434 quam
533 3371 569 3415 eo
597 3352 683 3433 quod
705 3352 968 3435 superstitionem
991 3371 1073 3434 quae
1096 3351 1130 3415 in
1153 3356 1289 3435 utroque

225 3453 309 3519 libro
342 3458 477 3538 apparet
510 3452 690 3518 aLuciani
724 3455 852 3536 ingenio
886 3454 1056 3520 abhorrere
1083 3458 1287 3538 putaverunt,

226 3577 300 3622 cum
333 3561 440 3622 tamen
474 3559 584 3622 fictum
612 3557 671 3621 hoc
696 3577 822 3640 quoque
845 3578 915 3622 esse
939 3557 979 3622 ad
1002 3557 1159 3622 Herodoti
1179 3579 1288 3623 exem-

226 3660 315 3744 plum
340 3665 374 3727 et
388 3680 445 3744 per
469 3681 502 3726 sc
527 3671 681 3744 appareat
704 3664 735 3725 et
751 3659 871 3725 dudum
890 3661 1092 3726 observatum
1110 3662 1161 3741 sit,
1184 3681 1287 3744 neque

226 3765 348 3829 minore
383 3765 453 3828 iure
487 3763 628 3828 offendas
655 3765 688 3827 in
711 3762 815 3828 Verae
837 3763 992 3829 historiae
1016 3763 1117 3844 libris,
1151 3783 1287 3847 quorum

226 3867 465 3950 comparatione
498 3866 628 3931 libellus
663 3866 701 3930 do
735 3865 796 3931 dea
820 3864 913 3951 Syria
945 3866 1064 3949 optimc
1097 3867 1286 3932 illustratur.

226 3968 373 4052 Denique
401 3969 440 4034 de
464 3968 622 4034 Toraride
650 3969 742 4048 addo,
776 3970 816 4034 iis
844 3990 926 4052 quae
953 3968 992 4034 de
1016 3969 1118 4035 libelli
1142 3990 1285 4035 sermone

226 4072 472 4154 diligentissime
488 4072 671 4137 observavit
687 4070 957 4155 Guttentagius1),
980 4072 1074 4157 plane
1091 4074 1284 4138 contrarium

216 4388 219 4392 λ
297 4311 315 4378 ¹)
333 4314 371 4364 De
398 4312 503 4365 subdito
531 4313 575 4390 qui
599 4313 667 4363 inter
689 4311 835 4363 Lucianeos
857 4313 909 4378 legi
933 4314 999 4365 solet
1021 4312 1124 4379 dialogo
1149 4313 1285 4378 Toxarida

224 4397 340 4450 Berolini
360 4396 434 4452 1860.
