3036 5002
547 412 870 522 ⁴-1as-

225 640 276 704 καὶ
298 641 481 720 συντάξεσιν
508 646 706 729 expressisse
729 644 836 710 tradit.
882 643 1083 726 Quamquam
1116 646 1215 727 igitur
1248 665 1290 710 ex

226 747 337 812 eodem
371 748 459 813 fonte
494 748 615 832 sumpti
649 753 724 813 sunt
756 751 789 812 et
821 746 955 831 Apuleii
987 747 1063 812 libri
1098 752 1131 813 et
1164 748 1289 814 Asinus

227 869 372 931 graecus,
406 854 513 915 tamen
547 855 635 916 certo
670 850 734 915 dici
766 854 876 934 potest
902 870 1052 930 graecum
1079 849 1223 916 libellum
1254 851 1309 918 ine

226 974 353 1017 summa
385 973 419 1018 re
453 953 537 1018 idem
574 953 734 1018 continere
768 952 853 1036 quod
888 953 1012 1017 eratin
1042 953 1166 1018 duobus
1193 952 1290 1019 Lucii

226 1055 327 1135 libris,
356 1056 481 1121 fabulas
504 1076 614 1121 omnes
638 1075 718 1138 quas
742 1056 902 1139 Apuleius
925 1056 1012 1120 solus
1035 1056 1131 1122 habet
1152 1077 1171 1120 a
1193 1054 1289 1121 Lucii

226 1176 352 1240 quoque
379 1159 470 1224 libris
498 1159 620 1224 alienas
647 1159 759 1223 fuisse.
809 1157 902 1234 Quod
929 1159 1012 1223 enim
1041 1159 1177 1224 interest
1202 1159 1289 1224 inter

143 1334 144 1338 Ἰ
226 1260 358 1343 Apuleii
389 1265 422 1326 et
444 1262 551 1342 graeci
574 1261 678 1326 libelli
699 1264 925 1340 narrationem,
958 1262 1018 1326 hoc
1041 1281 1104 1325 non
1127 1262 1231 1326 solum
1254 1262 1288 1326 in

227 1361 378 1427 narrandi
401 1384 518 1444 genere
542 1365 739 1447 conspicitur
762 1364 818 1429 sed
833 1365 972 1447 pertinet
994 1364 1092 1428 etiam
1115 1363 1289 1429 adrerum

226 1465 455 1532 inventionem.
502 1465 621 1532 Contra
643 1468 671 1531 si
693 1471 827 1550 partem,
852 1470 890 1531 ut
911 1467 1014 1531 voluit
1036 1465 1288 1546 Goldbacherus‚

226 1587 334 1633 eorum
352 1588 433 1652 quae
446 1569 605 1653 Apuleius
628 1573 737 1634 narrat
759 1570 857 1649 solus,
880 1569 973 1634 Lucii
994 1569 1086 1635 libris
1101 1569 1288 1649 tribuimus,

226 1672 320 1752 longe
343 1671 437 1737 aliter
457 1672 496 1737 de
520 1674 591 1738 eius
615 1672 747 1738 consilio
770 1679 802 1738 et
823 1673 947 1737 ratione
971 1671 1178 1738 iudicandum
1203 1680 1289 1739 esset

227 1794 324 1857 quam
358 1796 397 1839 ex
420 1776 522 1840 Asino
556 1774 691 1840 iudicari
720 1779 836 1857 potest.
881 1773 961 1839 Cum
989 1776 1088 1856 igitur
1111 1777 1288 1859 Apuleium

225 1876 318 1943 Lucii
355 1878 446 1943 libris
484 1879 563 1943 alias
599 1878 725 1943 fabulas
761 1877 934 1942 inseruisse
970 1898 1011 1942 ne
1046 1876 1289 1945 Goldbacherus

226 1982 355 2064 quidem
391 1987 494 2063 neget,
528 1981 634 2045 omnia
666 2001 703 2045 ea
736 1987 823 2045 recte
852 1982 883 2046 ei
909 1982 1089 2046 tribuemus
1115 2001 1196 2065 quae
1223 2001 1289 2049 nou

228 2085 418 2150 certissimis
451 2084 649 2165 argumentis
683 2085 717 2148 iu
738 2083 832 2149 Lucii
865 2083 957 2149 libris
982 2084 1084 2150 fuisse
1114 2086 1288 2165 evincitur3
1367 2133 1369 2137 -

226 2187 286 2252 hoc
319 2193 429 2252 autem
459 2186 699 2253 Goldbacherus
727 2208 798 2251 cum
828 2192 1001 2269 utrumque
1030 2207 1111 2271 opus
1139 2193 1288 2253 accurate

224 2291 307 2354 iuter
334 2310 368 2355 se
400 2291 555 2354 conterret
582 2310 758 2373 numquam
787 2290 986 2372 praestitisse
1013 2291 1092 2355 mihi
1115 2290 1243 2356 videtur
1253 2288 1288 2370 ¹).

224 2392 337 2456 Totam
370 2412 438 2456 rem
468 2395 665 2477 pertractare
693 2393 824 2473 longum
851 2396 901 2456 est
925 2411 1029 2475 neque
1056 2394 1288 2472 necessarium,

226 2516 299 2560 cum
332 2497 525 2560 narrationis
558 2495 772 2580 Apuleianae,
810 2494 967 2559 scelerum
1002 2502 1035 2559 et
1068 2496 1288 2579 prodigiorum

225 2600 349 2683 plenae,
388 2599 507 2664 indicia
544 2601 623 2665 satis
660 2603 773 2682 aperta
809 2597 884 2675 sint,
921 2603 954 2662 et
989 2617 1099 2663 vereor
1134 2619 1174 2663 ne
1208 2599 1288 2664 satis

225 2722 386 2785 superque
410 2705 475 2767 ium
499 2699 573 2783 περὶ
597 2697 672 2763 ὄνου
695 2702 783 2768 σκιᾶς
805 2706 986 2784 pugnatum
1008 2702 1060 2780 sit,
1094 2707 1287 2767 nontamen

224 2806 360 2870 fortasse
394 2826 527 2890 prorsus
561 2804 730 2881 inutiliter,
764 2802 793 2866 si
826 2803 957 2886 quidem
993 2804 1070 2886 quid
1104 2806 1160 2870 illa
1189 2806 1289 2870 etiam

227 2913 333 2972 aetate
356 2907 489 2973 Graecis
517 2908 594 2990 quid
618 2906 768 2971 Romanis
797 2905 971 2971 lectoribus
995 2907 1028 2971 iu
1056 2907 1115 2972 hoc
1136 2909 1289 2974 narrandi

226 3031 342 3092 genere
378 3012 536 3093 placuerit
569 3030 586 3072 e
613 3008 704 3073 Lucii
732 3007 895 3073 Patrensis
922 3013 955 3072 et
980 3010 1112 3093 Apuleii
1140 3011 1288 3094 exemplo

226 3113 308 3177 disci
329 3120 444 3197 potest.

296 3351 313 3417 ¹)
332 3354 369 3403 lle
395 3352 487 3402 ultima
515 3350 756 3415 metamorphoseon
783 3355 856 3417 parts
883 3355 971 3402 contra
999 3351 1087 3402 miram
1115 3348 1288 3401 Goldbacheri

223 3439 377 3489 sententiam
401 3444 470 3488 recte
493 3437 636 3503 disputavit
654 3435 771 3487 Rohdius
790 3435 865 3501 (llus.
879 3437 961 3487 Rhen.
979 3436 1030 3486 vol,
1041 3435 1076 3486 40
1095 3450 1154 3501 pag.
1167 3432 1219 3499 78).
1256 3437 1287 3488 ln

225 3524 316 3575 ceteris
330 3538 434 3590 quoque
448 3521 621 3574 Goldbacheri
639 3526 789 3587 argumenta
807 3521 918 3572 refutare
935 3537 989 3573 nou
1001 3521 1078 3571 nimis
1092 3519 1197 3572 difficile
1210 3525 1288 3586 esset,

225 3616 250 3660 et
267 3614 335 3661 recte
353 3625 407 3661 non
425 3609 498 3660 nulla
515 3608 593 3658 huius
612 3607 713 3672 generis
732 3608 830 3673 passim
849 3607 993 3672 Buergerus
1012 3607 1141 3671 exposuit.
