3036 5002
643 477 877 540 -101-

229 663 376 747 quaestio
394 666 452 743 est,
466 681 529 746 qua
541 662 580 727 de
596 683 629 728 re
643 663 773 728 difficile
784 683 870 728 nunc
882 665 931 728 est
943 661 1098 745 iudicare,
1115 683 1188 729 cum
1200 684 1293 748 prae-

228 768 339 832 sertim
354 763 730 850 ipsius'Sommerbrodtii
743 767 932 832 testimonia
943 787 1006 831 non
1019 767 1102 832 inter
1115 788 1148 832 se
1161 788 1293 834 censen-

228 871 325 950 tiant3
353 869 392 934 de
416 870 532 934 ceteris
556 869 704 935 omnibus
727 870 869 935 tollenda
892 891 963 934 esse
988 870 1179 953 suspicionis
1202 872 1293 954 signa

228 973 307 1038 mihi
320 993 512 1058 persuasum
530 976 587 1037 est.
611 972 691 1038 Late
704 977 794 1057 patet
805 973 884 1038 haec
900 993 950 1037 res
966 973 999 1037 in
1010 972 1147 1039 Luciani
1163 976 1292 1058 scriptis

227 1077 387 1159 multique
422 1076 481 1140 hoo
516 1076 658 1141 remedio
693 1077 881 1161 scriptorem
911 1077 1082 1142 emendare
1108 1098 1202 1162 posse
1231 1079 1293 1144 sibi

228 1179 289 1244 visi
325 1183 410 1259 sunt,
445 1198 548 1263 neque
584 1180 847 1262 interpolationes
874 1181 906 1245 in
930 1179 1065 1245 Luciani
1087 1185 1212 1247 textum
1236 1182 1292 1247 ad-

228 1284 345 1348 missas
383 1303 454 1348 esse
488 1283 598 1363 negari
632 1286 748 1366 potest.
799 1281 981 1348 Videndum
1017 1288 1126 1349 tamen
1159 1305 1198 1349 ne
1232 1285 1292 1350 hac

227 1386 351 1451 ratione
375 1386 514 1469 scriptor
535 1385 644 1469 potios
667 1405 762 1469 quam
787 1384 911 1451 librarii
934 1386 1121 1468 corrigatur,
1155 1408 1230 1452 nam
1264 1389 1293 1453 si

227 1489 300 1572 quis
323 1489 405 1554 hanc
428 1488 510 1552 viam
534 1489 684 1571 persequi
708 1492 740 1552 et
762 1487 896 1554 Luciani
922 1490 1097 1555 orationem
1121 1490 1291 1556 recidendo

227 1592 357 1656 inutilia
390 1591 547 1671 castigare
580 1592 669 1672 velit,
703 1592 806 1656 multo
842 1594 940 1657 etiam
973 1594 1067 1676 plura
1101 1598 1133 1658 et
1157 1593 1293 1659 meliora

226 1695 362 1780 proferri
385 1697 537 1777 poterunt
552 1714 647 1777 quam
665 1714 747 1778 quae
763 1715 847 1760 nunc
862 1696 996 1779 proferri
1013 1697 1127 1761 solent.
1165 1696 1292 1780 Ubique

228 1800 314 1865 enim
337 1799 369 1862 in
386 1797 518 1862 Luciani
542 1799 672 1881 scriptis
695 1803 828 1881 apparet
844 1799 999 1864 sermonis
1015 1819 1078 1863 non
1094 1799 1293 1865 abundantia

228 1907 284 1967 aut
305 1902 436 1966 ubertas
461 1900 516 1966 sed
539 1901 671 1965 1111111111
693 1905 726 1966 et
744 1902 922 1984 loquacitas
945 1903 1076 1987 saepius
1099 1905 1154 1967 vix
1175 1902 1291 1968 tolera-

228 2004 313 2085 bilis,
347 2024 411 2087 qua
437 2004 576 2068 maxime
603 2005 705 2068 minui
732 2003 846 2068 horum
876 2005 1106 2088 opusculorum
1133 2006 1292 2088 elegantia

227 2109 309 2173 mihi
335 2107 471 2171 videtur.
519 2106 631 2191 Neque
654 2111 719 2172 tam
743 2109 908 2191 proprium
931 2108 991 2173 hoo
1015 2112 1064 2174 est
1086 2109 1200 2174 vitium
1225 2108 1291 2173 Lu-

228 2212 311 2278 ciani
345 2208 556 2294 (quamquam
583 2210 739 2275 Herodoti
774 2211 953 2277 imitatione
988 2216 1021 2278 et
1055 2211 1111 2276 illo
1139 2212 1291 2303 nativum

228 2334 405 2381 sermonem
429 2314 577 2379 imitandi
600 2314 708 2379 studio
732 2315 817 2397 quod
840 2316 871 2379 in
896 2315 957 2380 hoc
979 2316 1121 2380 maxime
1137 2315 1291 2400 scriptore

226 2425 360 2503 apparet
383 2417 493 2482 eodem
510 2417 584 2481 dnei
600 2417 739 2500 poterat)
756 2437 851 2501 quam
875 2439 1044 2483 commune
1067 2418 1155 2484 illius
1175 2420 1291 2484 aetatis

225 2544 287 2608 qua
315 2522 513 2603 singulorum
541 2521 712 2586 verborum
739 2522 889 2604 propriae
914 2522 1163 2602 significationes
1187 2541 1291 2605 neque

226 2627 264 2691 ab
298 2627 340 2691 iis
374 2626 429 2708 qui
457 2623 637 2688 recitabant
664 2643 769 2706 neque
796 2624 836 2687 ab
864 2625 1068 2690 auditoribus
1096 2625 1191 2689 cavi
1219 2644 1291 2707 per-

226 2731 428 2814 cipiebantur
453 2731 490 2791 ut
515 2747 579 2792 non
607 2726 719 2792 eadem
747 2727 865 2791 iterum
892 2728 1075 2810 iterumque
1099 2728 1290 2793 inculcando

226 2832 379 2898 orationis
417 2832 480 2895 vim
520 2830 689 2895 intendere
724 2829 785 2893 sibi
821 2830 923 2895 videri
954 2834 1096 2914 possent.
1155 2830 1291 2915 Saepius

225 2938 361 3002 fortasse
380 2955 474 3018 qnam
493 2931 583 3011 ollem,
599 2932 741 3010 οἴκοθεν,
756 2930 864 2994 οἴκαδε
879 2934 999 3015 legitur
1015 2934 1102 3017 apud
1113 2932 1293 2999 Lucia-num

226 3037 304 3102 οἴκοι
338 3034 419 3119 παρ)
451 3037 552 3120 ἑαυτῷ
580 3035 737 3121 (Philops.
764 3041 817 3117 173
845 3037 868 3117 1,
892 3039 964 3117 216,
991 3035 1056 3118 17),
1090 3035 1171 3100 11111111
1204 3033 1292 3118 παρὰ

226 3143 328 3226 σαυτῷ
344 3140 472 3223 (Gallus
490 3143 543 3220 103
560 3140 669 3220 1,412,
685 3138 748 3222 16),
772 3137 904 3202 οἴκοθεν
919 3137 954 3201 ἐκ
969 3139 1090 3221 Καρίας
1106 3138 1241 3221 (Herod.
1260 3145 1292 3221 13

225 3246 311 3327 1,]1,
327 3242 370 3325 1),
387 3242 518 3307 οἴκοθεν
534 3241 568 3305 ἐκ
584 3242 740 3312 Βοιωτίας
756 3242 924 3324 (Hermon.
945 3247 976 3324 13
993 3243 1017 3324 l,
1035 3246 1084 3325 13,
1102 3242 1168 3325 28),
1185 3241 1293 3305 οἴκαδε

225 3346 305 3431 παρ’
327 3344 440 3416 octobr
457 3345 562 3430 (lupp.
579 3350 659 3427 trag.
679 3350 716 3411 17
724 3370 731 3427 3
756 3346 779 3427 l,
798 3349 869 3427 142,
886 3344 952 3428 22),
976 3344 1084 3408 οἴκαδε
1106 3343 1188 3428 παρ’
1206 3346 1294 3431 ἡμᾶς

225 3451 352 3534 (Gallus
387 3454 442 3531 333
476 3451 499 3526 l,
526 3451 599 3529 423,
627 3447 694 3529 38),
733 3447 841 3510 οἴκαδε
873 3447 906 3518 ἐς
939 3443 1072 3519 Σκύθας
1104 3449 1229 3533 (Scyth.
1258 3453 1291 3530 33

226 3556 247 3635 l,
276 3561 326 3636 17,
355 3554 399 3636 8),
440 3551 547 3615 οἴκαδε
585 3550 617 3622 ἐς
651 3549 845 3635 Μήθυμναν
881 3550 982 3633 (Dial.
1010 3554 1122 3619 marin.
1148 3552 1230 3633 Vlll,
1259 3556 1292 3634 2;

226 3659 247 3739 l,
278 3662 330 3739 88,
362 3657 418 3740 24)
428 3655 463 3738 ¹),
509 3656 627 3740 quibus
667 3657 743 3722 addi
784 3660 887 3740 potest
923 3653 1049 3718 ἐκεῖθεν
1087 3653 1168 3738 παρ)
1201 3653 1292 3736 ὑμῶν

225 3761 348 3848 (Scyth.
371 3765 405 3841 4;
434 3761 456 3840 1,
480 3764 530 3840 17,
552 3758 618 3840 21),
653 3755 784 3822 divinitae
818 3757 853 3820 ἐκ
885 3760 939 3819 τοῦ
973 3755 1071 3841 ἄκρου
1105 3758 1230 3840 (Herm.
1259 3763 1292 3840 33

226 3866 248 3946 l,
275 3870 346 3945 171,
372 3864 407 3943 8)
441 3865 569 3947 aliaque
608 3865 737 3929 similia.
783 3864 817 3927 ln
851 3862 901 3928 his
934 3866 972 3927 ut
1005 3862 1099 3947 plane
1133 3864 1294 3929 sufficeret

227 3971 329 4035 solum
353 3966 444 4044 οἴκοι,
468 3965 609 4045 οἴκοθεν,
633 3965 751 4044 οἴκαδε,
774 3965 911 4043 ἐκεῖθεν,
933 3966 979 4030 ita
1000 3987 1064 4031 non
1080 3967 1176 4032 nimis
1193 3965 1292 4032 offen-

295 4139 313 4205 l)
333 4142 371 4192 lta
384 4141 460 4191 etiam
475 4140 552 4191 Asini
566 4140 677 4205 scriptor
689 4138 752 4190 dicit
765 4136 832 4186 οἴκοι
846 4134 912 4205 παρ’
926 4131 986 4204 ἐμοὶ
999 4135 1067 4203 (cap.
1079 4135 1106 4200 53
1125 4137 1158 4202 ll,
1171 4135 1228 4201 349,
1240 4134 1293 4202 36),

228 4225 318 4277 οἴκαδε
347 4222 460 4288 ἤλαυνεν
487 4223 522 4280 ὥς
549 4221 641 4275 ἑαυτόν
668 4223 700 4289 (c.
719 4223 765 4287 4⁶23
788 4224 821 4289 ll,
845 4223 902 4288 366,
928 4221 978 4288 15).
1012 4223 1113 4275 Passim
1141 4224 1168 4274 in
1196 4223 1293 4274 talibus

227 4312 363 4366 haeserunt
381 4313 481 4376 Batavi,
506 4327 590 4379 neque
616 4317 702 4363 tamen
722 4311 858 4377 quisquam
883 4326 987 4378 operam
1006 4309 1078 4362 dedit
1095 4311 1124 4361 ut
1142 4310 1217 4378 plura
1236 4309 1293 4362 eius

225 4412 288 4451 usus
305 4399 430 4466 exempla·
443 4398 520 4450 simul
539 4397 707 4449 examinaret.
