3036 5002
640 465 874 528 -135-

227 647 365 734 χρήσιμα
387 646 519 728 σκοπόν,
542 645 648 719 αὐτοῖς
670 669 703 710 τε
724 648 827 726 λέξεσι
847 648 899 712 καὶ
920 644 1103 727 συντάξεσιν
1118 650 1165 722 εἰς
1179 648 1237 716 ἕνα
1251 650 1289 714 νά

226 749 321 815 λοιποὶ
354 750 558 836 συναρμόσας
590 749 697 832 λόγον,
732 756 852 823 Λοῦκις
883 748 907 839 ἢ
933 749 1024 824 ”Oros
1056 752 1222 840 ἐπέγραψε
1254 753 1312 821 νδ,

226 853 353 919 ἐκεῖθεν
396 840 613 940 δποσυληθέν.
673 855 761 920 Dicit
804 859 904 937 igitur
941 857 1120 923 Lucianum
1163 864 1289 944 partem

227 980 339 1024 eorum
374 979 454 1043 quae
477 959 597 1025 Lucius
624 962 811 1023 narraverat
836 961 963 1025 omnine
992 962 1149 1043 emisisse,
1184 967 1289 1029 cetera

227 1082 289 1125 ncn
323 1062 494 1127 immutata
527 1064 558 1127 in
583 1084 679 1128 suum
701 1063 818 1128 librum
842 1065 1054 1145 transtulisse,
1089 1069 1122 1130 et
1155 1071 1290 1150 apparet

228 1185 301 1229 eum
329 1186 368 1256 ex
394 1167 562 1249 utriusque
584 1166 659 1230 libri
681 1167 917 1249 comparatione
940 1167 981 1232 ad
1003 1167 1138 1232 eandem
1161 1173 1289 1235 senten-

227 1269 306 1331 tiam
326 1270 521 1351 pervenisse,
544 1268 584 1334 ad
607 1288 702 1352 quam
726 1289 782 1334 nos
802 1288 930 1352 quoque
948 1269 1015 1334 solo
1031 1270 1112 1336 libro
1129 1271 1289 1337 Luciance

228 1376 375 1435 accurate
406 1373 588 1437 examinato
616 1372 773 1437 ducimur.
819 1372 987 1437 Probabile
1015 1393 1091 1439 sene
1115 1378 1166 1439 est
1188 1375 1290 1458 epito-

227 1480 394 1555 matorem,
419 1477 474 1558 qui
496 1475 577 1540 illud
600 1476 666 1557 egit
688 1484 725 1540 ut
747 1496 856 1540 rerum
879 1480 1081 1540 narratarum
1097 1496 1289 1542 summame

227 1575 320 1641 Lucii
348 1579 440 1643 libris
468 1582 665 1662 excerperet,
700 1579 741 1644 ad
763 1579 891 1660 singula
913 1599 975 1643 nen
997 1578 1095 1644 nimis
1119 1579 1290 1662 diligenter

227 1679 413 1762 attendisse,
447 1685 479 1747 et
511 1682 661 1766 pleraque
695 1702 804 1748 eorum
838 1702 920 1766 quae
948 1683 980 1746 in
1009 1683 1162 1748 orationis
1188 1684 1290 1748 forma

227 1784 296 1848 iure
320 1785 546 1868 vituperantur
568 1805 630 1850 non
652 1785 751 1851 Lucio
779 1784 836 1851 sed
860 1785 907 1850 illi
930 1785 1102 1850 tribuenda
1125 1806 1205 1868 esse,
1234 1787 1290 1852 sed

226 1885 305 1951 haec
334 1887 497 1952 levissima
524 1888 590 1952 fere
618 1896 702 1969 sunt,
738 1908 819 1972 quae
842 1888 994 1954 Photium
1020 1889 1114 1953 facile
1141 1893 1290 1973 poterant

227 1994 283 2054 aut
306 1991 415 2072 fugere
440 1996 496 2055 aut
519 1991 557 2055 ab
581 2012 618 2057 ec
642 1992 758 2072 omitti,
793 1992 868 2075 quia
896 1991 977 2056 illud
1001 1986 1109 2060 αύιαῖς
1131 2011 1164 2054 τε
1186 1991 1290 2069 λέξεσι

225 2090 276 2154 καὶ
309 2089 490 2170 συντάξεσιν
523 2096 556 2166 in
585 2096 773 2160 universum
800 2095 901 2160 nihile
930 2096 1035 2160 minus
1062 2115 1136 2160 vere
1166 2094 1289 2160 dictum

227 2202 304 2262 erat.
360 2197 469 2279 Pergit
502 2197 636 2263 Phctius
670 2199 729 2263 ita:
764 2199 862 2276 Γέμει
895 2193 929 2260 δὲ
963 2194 982 2260 0‘
1014 2197 1162 2279 ἑκατέροιν
1196 2194 1290 2278 λύγος

225 2297 420 2381 πλασμάτων
441 2296 502 2379 μὲν
523 2301 682 2379 μυθικῶν,
715 2297 940 2384 α’ῤῥηιοποιίας
965 2296 1001 2362 δὲ
1024 2298 1166 2381 αἲσχρᾶς.
1202 2297 1289 2384 πλὴν

225 2403 243 2467 ὁ
275 2400 335 2483 μὲν
356 2400 535 2473 Λουκιανὸς
568 2399 723 2466 σκύπιων
755 2401 806 2466 καλ
836 2400 993 2485 διασύρων
1019 2401 1076 2489 τήν
1103 2400 1288 2490 Ἑλληνικήν

225 2507 483 2586 δεισιδαιμονίαν,
499 2501 605 2588 ὥσπερ
621 2504 681 2570 κύν
696 2513 759 2577 τοῖς
775 2502 893 2585 ἄλλοις,
908 2504 960 2568 καὶ
973 2508 1082 2569 τούτου
1097 2510 1289 2585 συνέτασσεν,

226 2606 302 2671 ddi
324 2605 463 2679 Λούκιος
485 2606 676 2686 σπουδάζων
709 2630 741 2671 τε
774 2607 826 2670 καὶ
856 2606 970 2679 πιστάς
1002 2609 1143 2688 νομίζων
1174 2606 1230 2679 νολς
1255 2608 1289 2686 ἐξ

225 2707 411 2793 οἶνθρωπων
438 2709 482 2782 εἷς
509 2708 667 2796 α’λλήλους
689 2706 955 2792 μεταμορμωσεις
975 2708 1031 2781 νύς
1053 2731 1086 2774 τε
1108 2711 1142 2788 ἐξ
1164 2707 1289 2791 α’λόγων

226 2813 271 2885 εἰς
297 2809 492 2896 ἀνθρώπους
517 2811 569 2875 καὶ
594 2811 755 2878 α’νοίπαλιν
781 2811 833 2875 καὶ
857 2810 912 2877 aba
937 2809 1037 2878 ἄλλον
1058 2816 1120 2877 νων
1141 2814 1289 2877 παλαιῶν

225 2914 342 2998 μύθων
368 2914 471 2982 ὕθλον
497 2915 549 2979 καλ
576 2914 759 3002 φλήναφον,
793 2919 900 3003 γραφῇ
922 2916 1097 2999 παρεδίδου
1121 2920 1216 2979 ταῦτα
1237 2916 1289 2979 καὶ

225 3019 428 3103 συνύφαινεν.
467 3021 518 3087 Ab
541 3022 592 3087 his
616 3022 724 3087 verbis
740 3021 882 3087 Rchdius
899 3023 1062 3105 prefectus
1079 3025 1129 3086 est
1144 3024 1181 3086 ut
1195 3022 1288 3086 Lucii

224 3126 323 3191 libros
351 3126 505 3191 irridendi
529 3146 627 3190 causa
649 3126 788 3190 Asinum
816 3125 1035 3209 conscriptum
1063 3146 1132 3191 esse
1156 3124 1287 3190 demon-

225 3233 352 3310 straret,
387 3249 451 3313 qua
479 3231 513 3293 in
536 3250 570 3294 re
594 3228 693 3294 mircr
715 3228 872 3293 indicium
894 3228 955 3292 viri
979 3229 1167 3308 doctissimi,
1201 3229 1287 3312 quod

224 3334 428 3398 nuncetiam
453 3337 550 3397 tenet.
585 3331 670 3397 Nam
692 3331 777 3415 qued
793 3330 945 3396 Photium
968 3331 1019 3397 his
1043 3332 1149 3398 verbis
1166 3332 1287 3413 signifi-

225 3456 296 3501 care
319 3436 455 3519 putavit,
481 3435 550 3516 „die
566 3434 729 3500 Differenz
753 3435 797 3498 im
821 3432 887 3498 Tcn
912 3433 967 3499 des
988 3431 1137 3500 Ganzen“
1162 3432 1286 3519 (pagi)

223 3538 326 3604 libelli
355 3559 455 3623 supra
476 3535 626 3619 laudati),
660 3537 699 3602 de
724 3558 761 3602 ec
784 3557 823 3602 ne
847 3538 950 3619 egisse
975 3537 1106 3621 quidem
1128 3537 1184 3603 ille
1207 3538 1287 3603 mihi

224 3641 362 3707 videtur.
407 3641 479 3707 Non
504 3641 583 3706 dicit
605 3634 759 3702 σκωπνων
781 3637 818 3702 rei
840 3641 894 3702 τού
918 3634 993 3703 ὄνου
1017 3639 1165 3725 διηγεῖται
1187 3640 1287 3725 (quod

226 3746 254 3809 si
273 3743 439 3824 voluisset,
463 3765 586 3810 errasse
608 3764 680 3808 eum
699 3745 790 3809 nobis
807 3763 933 3828 queque
949 3744 1134 3827 perspicere
1150 3743 1287 3826 liceret),

226 3847 281 3912 sed
318 3842 474 3910 aubimare
510 3843 564 3909 ιον
600 3842 695 3926 λόγον
733 3850 925 3924 σονέναπεν,
962 3866 1024 3911 nen
1062 3846 1102 3911 de
1137 3845 1287 3911 narrandi

224 3951 347 4014 ratione
371 3948 493 4033 aliquid
515 3949 659 4031 tradidit,
683 3949 741 4014 sed
762 3949 800 4014 de
824 3950 990 4033 scriptoris
1012 3950 1046 4013 in
1068 3948 1286 4032 componendo

225 4053 333 4119 libelle
369 4052 510 4117 consilio.
566 4052 615 4117 De
650 4052 784 4118 consilio
821 4058 928 4118 antem
962 4051 1128 4136 scriptoris
1161 4055 1288 4137 poterat

226 4176 302 4220 sane
336 4154 480 4219 iudicare
514 4175 531 4220 e
565 4156 716 4221 narrandi
748 4176 876 4240 genere,
909 4155 966 4220 sed
993 4176 1026 4220 re
1053 4174 1129 4220 vera
1155 4176 1219 4220 nen
1246 4175 1287 4220 ex

225 4257 323 4322 huius
351 4258 398 4321 rei
426 4258 645 4324 observatione
675 4281 748 4325 enm
776 4262 1001 4342 argumentum
1028 4259 1207 4342 sumpsisse
1230 4257 1288 4323 sed

227 4379 265 4425 ex
310 4358 446 4425 aliorum
490 4378 621 4443 operum
658 4360 893 4428 Lucianecrum
937 4361 1172 4445 comparatione
1215 4360 1286 4446 ipse
