3036 5002
657 449 868 510 „47-

235 627 378 718 ᾖμάτηνιι
414 617 504 695 εἶπεν
538 626 577 693 ἂν
614 623 923 714 ᾖἑπρεσβενὶσνμιενιι.
979 633 1051 700 Nou
1091 633 1206 698 mirum
1244 638 1294 698 est

232 736 330 801 verba
357 729 427 820 ᾔδει
451 736 506 796 τοῦ
532 740 682 819 corrupta
705 757 776 801 θεεθ
799 738 831 801 iu
855 731 965 822 ἥδιστα
986 738 1051 813 τοῦ,
1079 737 1165 821 quod
1189 742 1238 802 est
1260 736 1292 800 in

232 837 408 903 codicibus.
454 837 545 915 Quod
579 858 651 902 eum
686 838 734 902 vir
760 838 873 904 doetus
901 859 995 922 quem
1020 839 1120 904 editio
1143 841 1292 924 princeps

230 941 282 1021 hie
305 943 456 1026 sequitur
476 941 633 1006 traditum
657 942 840 1024 invenisset,
864 964 880 1007 e
905 943 1011 1010 verbis
1033 938 1232 1026 κεκρατηκαλς
1253 936 1293 1003 ἂν

228 1039 354 1143 ἥδιστα,
376 1064 458 1128 quae
481 1048 631 1128 corrupta
653 1064 722 1109 θεεθ
740 1044 829 1124 vidit,
851 1066 908 1111 suo
924 1045 1057 1112 arbitrio
1074 1044 1180 1111 effecit
1195 1044 1293 1128 ῥᾷστα
1380 1094 1384 1100 .

229 1143 270 1233 ἦν
292 1141 502 1230 κεκρατηκώς,
524 1147 610 1230 quod
633 1146 790 1213 editiones
814 1148 982 1231 ooeupavit
1005 1153 1037 1212 et
1051 1168 1091 1212 ne
1108 1168 1127 1212 a
1142 1145 1291 1212 Bekkero

229 1249 362 1335 quidem
397 1251 566 1335 expulsum
603 1254 661 1323 est.
707 1249 821 1334 Neque
856 1251 919 1316 alia
952 1253 1034 1316 ratio
1068 1254 1117 1316 ost
1146 1251 1291 1333 proxime

168 1402 170 1409 .
227 1355 449 1438 sequentium,
471 1353 503 1417 iu
520 1353 637 1436 quibus
658 1374 674 1418 θ
692 1353 836 1418 eodioum
853 1354 990 1420 lectione
1005 1354 1065 1418 hoo
1081 1353 1149 1418 fere
1165 1353 1293 1418 videtur

227 1456 432 1523 efficiendum
449 1477 534 1521 esse:
558 1458 666 1518 Ταῦτα
681 1454 701 1518 o‘
717 1456 890 1535 Φίλιππος,
910 1456 1003 1541 ἡμεῖς
1018 1457 1125 1536 μέντοι
1140 1454 1293 1536 (traditur

225 1556 279 1621 καὶ
315 1557 434 1639 μέντοι)
467 1555 519 1618 καὶ
557 1555 694 1628 adauae·
720 1555 849 1623 ἔλαττον
886 1555 925 1622 ἄν
964 1555 1089 1638 ἔχονιες
1125 1554 1290 1640 λάβοιμεν.

227 1663 383 1724 Τοιοῦτον
415 1641 473 1723 οὖν
499 1655 610 1742 ἄνδρα,
644 1657 726 1743 πρὸς
748 1657 835 1739 Διός,
868 1659 981 1746 Ἀρχία,
1013 1662 1043 1724 τί
1070 1662 1207 1742 (oodioes
1235 1656 1291 1741 ἔτι)

226 1785 306 1828 ποτε
332 1764 488 1844 νομίζειςς
515 1757 606 1838 dig>
627 1766 706 1846 βοῦν
732 1759 772 1826 ἄν
797 1756 851 1826 ἐπὶ
873 1763 1000 1850 σφαγήν
1022 1761 1142 1850 ἤγομεν
1165 1759 1187 1849 ἢ
1209 1762 1291 1826 πολύ

225 1867 351 1949 μᾶλλον
374 1862 414 1929 ἂν
436 1862 619 1948 σύμβουλον
641 1864 714 1949 περὶ
735 1869 797 1930 τῶν
811 1867 1001 1954 Ἑλληνικῶν
1024 1862 1218 1950 πραγμάτων
1240 1864 1291 1928 καὶ

223 1974 282 2058 θῇς
304 1961 404 2054 ἀρχῆς
426 1965 533 2053 πάσης
554 1960 770 2051 ἑποιούμεθα;

312 2072 374 2139 Ηὶε
396 2073 564 2157 exemptio,
588 2074 704 2158 quibus
728 2074 792 2138 alia
814 2075 931 2141 addere
946 2095 1086 2160 possem,
1109 2073 1190 2139 illud
1210 2074 1289 2138 satis

226 2176 376 2242 doouisso
409 2176 489 2240 mihi
523 2177 645 2257 videor,
678 2195 782 2259 neque
809 2177 842 2241 in
869 2178 927 2243 hoo
951 2179 1077 2260 dialogo
1100 2177 1290 2257 gravissime

226 2285 379 2364 corrupto
409 2279 607 2345 restituendo
644 2299 745 2363 neque
780 2282 895 2346 eeteris
929 2301 1008 2364 quos
1040 2280 1176 2346 traotavi
1210 2279 1290 2344 loeis

226 2382 403 2467 quidquam
438 2402 495 2465 pro
528 2403 603 2448 vere
638 2383 756 2448 tradito
790 2384 970 2449 habendum
1007 2405 1077 2450 θεεθ
1112 2381 1197 2466 quod
1229 2403 1289 2447 nou

224 2486 379 2551 fueritin
403 2485 562 2551 secundae
586 2486 700 2551 elassis
723 2485 907 2571 archetypo.
