3036 5002
478 473 712 539 -107—

64 679 104 726 ex
127 679 164 725 eo
187 677 304 740 genere
320 662 449 742 estque
467 659 552 742 quod
568 679 633 724 uno
649 659 719 725 loco
735 657 857 724 dictum
874 663 924 725 est
938 680 958 725 e
973 659 1129 744 scriptore

63 761 134 828 aliis
180 780 308 844 quoque
352 760 432 828 locis
476 763 657 828 necessario
702 761 767 827 dici
806 761 957 828 debuisse
996 766 1128 846 ponunt.

62 862 185 929 Verum
223 871 273 930 est
305 863 483 930 Lucianum
524 865 657 949 saepius
695 863 803 930 dicere
841 857 864 947 ἠ
899 861 952 926 καὶ
983 861 1023 949 νή
1058 865 1130 944 Διά,

63 967 147 1034 dixit
168 971 277 1033 autem
306 988 368 1033 non
402 968 509 1033 minus
537 968 618 1034 beno
646 967 744 1033 ctiam
766 963 807 1051 αὴ
831 965 902 1031 Δία.
947 967 1131 1035 Haeserunt

62 1074 170 1136 tamen
192 1071 314 1155 plures,
337 1071 436 1136 etiam
459 1070 638 1152 Bekkerus,
660 1071 721 1136 hoc
744 1070 824 1151 loeo,
847 1070 903 1153 qui
926 1071 973 1135 ita
992 1070 1130 1136 traditur

63 1170 92 1236 εἴ
111 1193 146 1253 γε
168 1169 188 1235 ό
208 1167 270 1253 μὲν
291 1169 372 1237 οἴκοι
392 1169 444 1235 καὶ
458 1170 538 1235 καθ’
554 1169 667 1236 ἑαυτόν
682 1169 721 1257 αὴ
738 1173 801 1235 Δία
815 1168 851 1235 ἐν
867 1178 929 1243 τοῖς
944 1169 1130 1253 περιπάτοις

62 1271 133 1357 μετ’
147 1271 264 1356 ὀλίγων
278 1272 333 1347 τάς
348 1272 509 1358 διατριβάς
525 1274 673 1354 ἐποιεῖτο,
688 1278 741 1342 cui
757 1276 803 1341 rei
817 1276 989 1359 opponitur
1000 1277 1131 1362 publica

62 1380 162 1446 totius
195 1379 309 1464 populi
343 1381 376 1444 in
409 1380 536 1445 theatro
568 1379 798 1466 Dionysiorum
833 1379 973 1461 licentia,
1006 1385 1039 1445 et
1070 1381 1129 1446 tali

63 1483 258 1568 oppositioni
280 1482 364 1548 illud
386 1479 426 1566 νὴ
449 1484 511 1544 Δία
535 1484 656 1567 optime
680 1482 850 1548 convenire
874 1481 1012 1548 videtur.
1056 1482 1128 1548 Non

63 1586 130 1651 sine
154 1606 254 1652 eausa
268 1585 460 1652 dubitarunt
475 1585 515 1652 de
531 1582 583 1646 καὶ
599 1589 672 1651 aute
687 1581 768 1648 καθ’
790 1580 913 1664 ἑαυτόν,
933 1606 1127 1670 quamquam

63 1689 194 1755 retineri
226 1689 261 1755 id
293 1709 389 1774 posse
423 1688 528 1754 credo.
573 1689 735 1755 Videntur
768 1692 873 1755 autem
909 1689 1056 1774 plerique
1083 1690 1130 1755 ita

63 1791 233 1871 iudicasse,
266 1810 329 1857 non
351 1811 448 1875 posse
471 1791 510 1858 dc
544 1794 655 1859 eadem
690 1815 724 1859 re
748 1792 813 1859 dici
841 1789 920 1854 οἴκοι
947 1799 981 1858 ιι
1007 1790 1043 1856 ἐν
1065 1799 1129 1862 τοῖς
1228 1790 1234 1801 “

62 1889 260 1978 περιπάτοις,
292 1890 374 1956 καθ’
399 1892 513 1958 ἑαυτὸν
546 1901 578 1961 ιι
603 1892 675 1976 μετ’
699 1892 832 1975 ὀλίγαις
865 1895 920 1978 qui
947 1898 1054 1961 tamen
1082 1895 1130 1959 ita

63 1998 330 2083 philosophantur
357 2003 394 2063 ut
420 2000 455 2063 fit
483 1999 515 2064 in
543 1998 687 2066 Platonis
709 1999 893 2081 Protagora,
924 2018 1000 2065 sane
1024 1997 1128 2082 philo-

64 2101 241 2187 sophantur
256 2121 318 2167 non
335 2101 442 2167 minus
459 2098 538 2163 οἴκοι
553 2106 585 2166 ιι
599 2098 681 2164 καθ’
695 2097 826 2171 doctoris
840 2102 861 2166 i.
878 2122 905 2167 e.
921 2122 984 2167 non
1000 2100 1128 2186 publice

63 2224 156 2290 quam
182 2202 304 2275 ἐντοῖς
327 2200 514 2284 περιπάτοις
538 2209 570 2270 et
592 2202 663 2284 μετ’
684 2201 810 2285 ὀλίγων.
848 2206 965 2272 Mirum
991 2204 1128 2287 denique

63 2313 110 2375 est
141 2307 317 2374 Fritzschii
352 2308 508 2373 iudicium
543 2309 629 2392 quod
668 2315 798 2375 secutus
833 2306 1128 2375 Sommerhrodtius

63 2412 155 2478 initio
189 2412 306 2496 capitis
341 2411 473 2477 secundi
503 2412 633 2496 scripsit
661 2412 753 2496 ἡμεῖς
779 2408 814 2475 δι’
841 2412 872 2474 οι
893 2408 927 2482 ἐς
953 2407 989 2473 τά
1013 2406 1127 2495 πλήθη

62 2509 228 2598 παριόντες
254 2510 306 2575 καὶ
331 2510 387 2584 τάς
413 2511 556 2584 τοιαύτας
583 2517 645 2578 τῶν
672 2512 856 2598 α’κραάσιωο
878 2512 1130 2594 άπαγγέλλοατες

62 2637 117 2702 pro
128 2615 387 2697 scamellorum,
403 2618 486 2702 quod
503 2638 690 2701 perversum
706 2639 776 2684 esse
794 2624 916 2684 certum
933 2621 1018 2684 esset
1029 2617 1125 2682 etiam

63 2722 88 2788 si
104 2721 241 2787 activam
258 2723 392 2787 formam
410 2718 626 2801 ἐπαγγέλλειν,
642 2721 681 2786 de
699 2741 762 2805 qua
776 2742 837 2788 non
852 2729 938 2787 recte
950 2720 1126 2799 dubitatur,

61 2825 137 2890 ferri
160 2845 224 2890 non
247 2844 342 2909 posse
366 2822 569 2905 constaret).

130 3010 150 3078 ¹)
170 3011 307 3075 „Profiteri
325 3013 395 3079 apud
415 3029 505 3065 omnes
524 3030 623 3065 summa
641 3014 788 3066 constantia
800 3007 1012 3079 ἐπαγγέλλεσθαι
1024 3011 1127 3074 dicitur,

61 3113 201 3165 numquam
220 3091 400 3164 ἐπαγγέλλειν,
423 3105 453 3150 ut
470 3100 540 3167 apud
559 3100 681 3152 Nostrum
700 3100 728 3151 iu
747 3100 800 3151 Vit.
818 3103 887 3151 auct.
906 3095 1065 3166 capistra
1083 3092 1127 3158 τὴν

63 3177 171 3246 ἄσκησιν
202 3177 419 3249 ἐπαγγέλλεται;“
456 3185 513 3237 Ilcc
548 3185 597 3237 etsi
633 3201 717 3252 nuper
752 3185 890 3237 didicimus
925 3201 941 3236 a
970 3183 1126 3236 Schwartzio

62 3266 239 3335 (Mnemosyne
258 3269 332 3334 Xlll,
350 3266 403 3335 86),
431 3275 517 3321 tamen
545 3274 621 3322 crunt
648 3270 758 3322 fortasse
786 3272 830 3337 qui
858 3271 889 3321 de
913 3269 1060 3322 constantia
1081 3268 1126 3320 ubi

63 3355 194 3421 quaeritur
211 3370 264 3406 uno
284 3355 404 3422 exemplo
424 3358 539 3409 contenti
558 3372 612 3408 non
631 3357 691 3420 siut,
711 3357 756 3407 sed
769 3356 847 3422 paulo
861 3356 1026 3422 diligentiore
1039 3355 1126 3407 obser·

62 3441 163 3494 ratione
194 3456 261 3508 opus
292 3455 350 3492 esse
380 3445 512 3493 censeant.
557 3442 654 3494 Omitto
686 3441 818 3506 Aristidis,
848 3442 993 3505 Themistii,
1024 3440 1127 3506 Synesii

63 3528 187 3596 exempla,
214 3527 243 3579 in
261 3542 327 3594 quae
351 3543 412 3578 casu
435 3528 516 3579 incidi
534 3531 671 3594 postquam
691 3528 723 3579 ad
742 3544 798 3579 eam
817 3543 869 3578 rem
888 3526 1021 3579 attendere
1039 3526 1128 3592 coepi:

64 3629 135 3682 agam
154 3613 187 3665 de
205 3629 258 3665 uno
277 3612 404 3680 opusculo
424 3629 474 3680 quo
493 3614 594 3665 nullum
607 3618 647 3665 est
659 3614 741 3679 magis
754 3613 874 3665 idoneum
887 3613 920 3664 ed
933 3613 1003 3664 illius
1015 3615 1126 3663 aetatem

63 3700 89 3752 in
115 3700 149 3752 iis
180 3714 247 3766 qnae
276 3699 309 3751 ad
338 3703 419 3750 artem
450 3699 618 3765 sophisticam
648 3700 779 3767 pertinent
805 3715 880 3750 usum
908 3698 1126 3764 cognoscendum.

63 3786 234 3839 Philostratus
256 3784 363 3835 invitis
382 3785 557 3852 sophistarum
576 3786 660 3837 modia
678 3785 760 3838 forma
777 3800 916 3851 numquam
935 3800 999 3835 usus
1017 3792 1057 3834 est
1074 3783 1127 3834 nisi

64 3872 138 3924 semel
157 3870 256 3938 (81,19
276 3869 316 3920 ed.
331 3868 443 3932 Teubnl
462 3871 489 3922 in
507 3872 574 3922 alius
593 3872 725 3938 sophistae
744 3871 828 3923 vorbis
847 3886 913 3937 quac
931 3869 1027 3934 attulit,
1050 3869 1081 3920 de
1099 3884 1125 3919 re

64 3973 78 4008 a
101 3957 276 4026 sophistarum
305 3959 359 4006 arte
386 3955 478 4007 aliena.
515 3956 612 4009 Contra
633 3957 741 4008 invitare
763 3957 881 4009 homines
903 3955 935 4007 ad
959 3954 1125 4019 audiendum,

66 4043 131 4109 quod
149 4043 235 4109 ipsum
255 4041 389 4093 Lucienus
407 4041 554 4094 Promethei
572 4043 628 4094 loco
648 4043 719 4106 dicit,
744 4042 902 4094 Philostrato
921 4045 1044 4108 quattuor
1061 4039 1126 4092 locis

66 4134 102 4181 est
119 4122 295 4193 ἐπαγγέλλειν
313 4120 444 4192 ἀκρόασιν
461 4131 506 4179 aut
524 4128 608 4179 simile
626 4128 734 4194 aliquid,
757 4127 870 4195 pap.38,
884 4126 915 4178 18
933 4115 997 4187 ἦλθε
1014 4119 1066 4192 μὲν
1084 4119 1126 4175 ἐπὶ

65 4209 146 4281 θύρας
171 4211 215 4263 τοῦ
240 4210 376 4262 Διονυσίου
401 4208 513 4279 μελέτην
541 4207 608 4281 αὐτῷ
634 4206 804 4279 ἐπαγγέλλων
826 4213 924 4277 (malim
950 4205 1125 4278 ἐπαγγελῶν),

64 4313 119 4367 pag.
131 4298 200 4365 78,1
220 4291 363 4364 ἐπήγγειλε
382 4302 432 4353 τοῖς
444 4294 600 4359 Ἀθηναίοις
619 4293 803 4363 αὐτοσχεδίους
820 4295 920 4364 λόγους,
938 4292 1033 4366 ἐρῶσιν
1049 4292 1126 4348 αὐτοῦ

64 4382 103 4448 τῆς
128 4378 285 4453 ἀκροάσεως,
315 4398 375 4450 pag.
395 4382 437 4450 90,
455 4382 486 4434 31
516 4378 656 4449 ἐπήγγειλε
686 4376 716 4433 dd
742 4383 777 4453 τῷ
799 4380 904 4452 Ἡρώδῃ
931 4381 976 4434 καὶ
998 4378 1126 4451 ἀκρόασιν
