3036 5002
615 461 857 527 -9...

183 646 403 731 apographum
419 645 632 728 (Marcianum
648 646 727 729 435)
743 647 935 714 sumendum
953 649 1079 714 curavit
1086 647 1122 730 ¹).
1160 647 1243 715 Gon-

183 753 247 814 stat
269 751 368 815 etiam
392 748 430 814 de
454 768 547 826 anno,
581 770 654 816 cum
677 751 785 833 isqui
808 750 952 816 codicem
974 753 1036 817 435
1061 752 1242 836 descripsit,

182 851 385 918 Bessarionis
410 853 503 917 iussu
530 872 564 918 se
591 853 651 918 hoc
676 854 790 919 fecisse
823 874 906 919 anno
934 856 1014 919 1471
1044 855 1242 939 profiteatur.

182 952 289 1019 Unum
323 954 385 1020 hoc
416 975 479 1019 11111
512 961 597 1021 recte
633 955 793 1022 iudicasse
826 955 907 1021 mihi
939 956 1066 1022 videtur
1087 956 1243 1038 Rohdius,

183 1056 269 1139 quod
300 1057 428 1122 saeculo
462 1056 652 1123 duodecimo
686 1059 837 1143 scriptam
871 1079 941 1126 esse
975 1059 1095 1126 codicis
1119 1064 1242 1143 partem

184 1160 323 1241 priorem
357 1159 503 1240 credidit,
538 1180 620 1244 quae
652 1161 732 1225 mihi
760 1162 830 1228 visa
857 1166 906 1228 est
933 1163 986 1228 vel
1014 1162 1055 1228 ad
1081 1162 1241 1228 decimum

184 1262 298 1327 referri
324 1281 429 1346 posse.
474 1260 539 1328 seo
573 1263 611 1329 de
638 1263 699 1329 hac
726 1283 760 1329 11
789 1264 919 1330 videant
943 1265 1128 1349 peritiorem
1161 1265 1244 1331 illud

184 1366 262 1458 satis
300 1369 434 1447 constat,
471 1367 574 1450 partis
612 1366 782 1448 secundae,
824 1368 916 1433 cuius
962 1368 1060 1434 etiam
1099 1368 1243 1450 singulae

183 1469 336 1534 lectiones
373 1469 514 1552 pessime
552 1469 764 1554 interpolatae
803 1490 873 1536 esse
911 1471 1023 1553 solent,
1060 1472 1094 1536 in
1132 1471 1242 1537 ordine

183 1571 379 1637 restituendo
406 1571 528 1636 nullam
555 1573 682 1637 omnino
709 1573 936 1639 auctoritatem
965 1594 1043 1640 esse.
1094 1573 1245 1640 Continet

183 1679 291 1739 autem
326 1695 400 1758 pars
434 1675 522 1757 prior
554 1675 664 1740 cadem
698 1677 765 1741 fere
800 1696 899 1761 opera
927 1677 1104 1762 eodemque
1132 1677 1243 1743 ordine

184 1795 266 1859 quae
292 1777 444 1858 leguntur
476 1778 511 1842 in
545 1777 653 1844 codice
676 1780 707 1839 Γ
730 1780 770 1845 111
792 1779 885 1845 initio
909 1800 1011 1865 usque
1035 1781 1076 1846 ad
1098 1780 1243 1845 libellum

185 1879 223 1943 de
257 1880 429 1961 astrologia
455 1879 538 1962 (48),
571 1881 626 1964 qui
659 1882 693 1946 in
726 1882 833 1948 media
860 1882 977 1965 pagina
1005 1883 1121 1948 ultima
1148 1884 1242 1948 finem

127 2030 129 2034 -
184 1981 290 2062 hahet,
323 1986 360 2047 ut
386 1987 540 2066 appareat
567 2004 629 2048 non
658 2004 734 2050 casu
761 1985 868 2068 quuo
893 1985 1034 2051 codicem
1057 1985 1242 2050 mutilatum

184 2106 264 2164 csse,
287 2085 343 2150 sed
366 2087 472 2168 ipsum
488 2087 654 2152 librarium
669 2087 721 2152 hic
745 2087 906 2153 scribendi
928 2090 1022 2153 finem
1038 2090 1164 2169 fecisse,
1188 2093 1244 2153 ant

183 2193 220 2253 ut
253 2192 359 2253 cetera
394 2190 534 2273 corporis
561 2189 713 2256 Lucianei
741 2210 814 2274 pars
842 2192 942 2256 altero
969 2191 1130 2258 volumine
1157 2212 1243 2257 com·

182 2293 446 2376 prehenderetur,
485 2297 543 2358 aut
578 2294 655 2377 quia
691 2293 725 2358 in
759 2294 932 2379 archetypo
966 2294 1047 2360 nihil
1078 2300 1245 2380 praeterea

182 2397 339 2480 scriptum
361 2396 493 2461 invenit.
533 2394 615 2462 Sunt
638 2401 745 2462 autem
769 2399 867 2463 etiam
891 2399 923 2462 in
948 2418 986 2462 ea
1002 2402 1090 2482 parte
1106 2418 1188 2482 quae
1211 2399 1243 2463 in

181 2503 317 2583 utroque
347 2502 456 2567 codice
485 2500 604 2582 legitur
630 2500 752 2565 leviora
777 2499 932 2584 quaedam
958 2500 1076 2585 quibus
1098 2501 1185 2566 inter
1207 2521 1241 2566 se

182 2603 384 2668 dissentiant.
420 2604 496 2669 Post
509 2602 691 2668 Parasitum
709 2600 780 2683 (33)
803 2603 835 2667 in
860 2604 969 2669 codice
986 2605 1016 2664 Ω
1039 2624 1102 2668 non
1125 2604 1243 2684 legitur

182 2706 416 2790 Philopseudes
439 2706 569 2771 libellus
597 2703 680 2788 (34),
712 2708 846 2791 eiusque
874 2708 942 2771 loco
970 2706 1141 2790 perscripti
1168 2711 1244 2771 sunt

183 2809 299 2892 dialogi
319 2815 516 2875 mortuorum
532 2807 613 2890 (77),
637 2811 754 2875 marini
770 2807 852 2892 (78),
876 2810 1008 2875 deorum
1025 2806 1105 2889 (79),
1129 2807 1242 2873 eodem

184 2914 280 2976 etiam
313 2913 346 2978 in
378 2913 514 2996 singulis
542 2912 677 2994 dialogis
705 2913 816 2978 ordine
844 2933 906 2995 quo
933 2914 966 2977 in
989 2913 1050 2976 fine
1073 2911 1193 2976 codicis
1215 2912 1245 2971 P

183 3016 343 3096 leguntur,
379 3036 496 3100 eosque
527 3017 649 3099 excipit
676 3015 817 3081 Dearum
853 3015 1008 3081 iudicium
1044 3012 1125 3097 (35).
1175 3015 1243 3079 lam

183 3139 281 3203 supra
308 3119 375 3184 dini
397 3119 456 3185 hos
480 3119 621 3201 dialogos
643 3138 706 3183 non
729 3119 834 3184 videri
856 3120 887 3183 in
911 3117 1083 3202 archetypo
1107 3118 1243 3201 scfiptos

181 3223 297 3303 fuisse3
332 3243 405 3287 cum
436 3228 543 3286 autem
571 3222 599 3286 is
628 3223 684 3305 qui
712 3222 854 3287 codicem
879 3224 909 3283 Γ
933 3223 1064 3307 scripsit
1090 3241 1142 3286 eos
1170 3240 1243 3285 cum

182 3325 318 3405 dialogis
344 3325 537 3390 meretriciis
560 3325 593 3388 in
615 3327 677 3389 fine
701 3326 801 3390 totins
824 3324 997 3389 voluminis
1021 3323 1161 3404 adderet,
1191 3322 1244 3388 hic

181 3427 333 3492 librarius
367 3428 510 3493 Deorum
547 3427 667 3492 iudicio
706 3448 760 3493 eos
795 3428 938 3510 dialogos
972 3428 1027 3511 qui
1061 3427 1243 3508 argumenti
1298 3496 1300 3500 ,

182 3532 320 3615 quadam
354 3532 565 3597 similitudine
594 3552 665 3596 cum
695 3551 732 3596 eo
760 3531 922 3596 coniuncti
950 3533 1025 3595 sunt
1047 3530 1243 3614 praeposuit,

182 3656 245 3719 qua
267 3635 434 3700 occasione
458 3634 576 3700 accidit
598 3638 635 3700 ut
654 3635 757 3718 quiin
774 3633 947 3717 archetypo
964 3652 1001 3697 eo
1017 3632 1086 3697 loco
1102 3633 1243 3717 scriptus

182 3744 251 3803 erat
266 3738 396 3803 libellus
412 3739 622 3803 omitteretur.
646 3738 854 3802 Praetereaii
871 3736 992 3800 omittit
1007 3734 1143 3801 Asinum
1161 3733 1243 3815 (39),

182 3842 339 3923 Imagines
363 3839 446 3922 (43),
468 3840 517 3905 Dc
541 3841 601 3906 dea
618 3839 711 3925 Syria
730 3839 812 3921 (44),
835 3840 867 3904 11
892 3838 1006 3903 ceteris
1030 3859 1101 3903 11111
1119 3840 1149 3899 Γ
1169 3858 1243 3902 con·

182 3946 335 4009 sentiens.
374 3943 454 4009 Uter
477 3943 624 4009 codicum
648 3943 704 4008 ubi
727 3944 812 4007 inter
828 3963 862 4008 se
879 3941 1062 4025 discrepant
1077 3941 1242 4025 archetypi

181 4048 336 4112 rationem
371 4048 553 4112 accuratius
587 4050 716 4113 secutus
749 4048 801 4127 sit,
836 4065 893 4129 per
921 4065 955 4110 se
982 4043 1155 4110 diiudicari
1180 4064 1241 4108 non

183 4155 298 4235 potest.
343 4149 426 4214 Nam
458 4151 491 4214 in
523 4151 659 4232 singulis
691 4149 884 4214 lectionibus
911 4147 971 4212 etsi
998 4148 1029 4211 in
1056 4147 1242 4211 universum

254 4369 271 4435 ¹)
291 4371 390 4438 Tetigit
402 4372 471 4423 hunc
483 4370 647 4428 Bessarionis
665 4386 759 4429 rnorem
773 4369 939 4432 Ritschelins,
958 4368 1075 4438 opuscul.
1089 4368 1112 4423 11
1131 4383 1189 4438 pag.
1205 4367 1244 4421 18.
