3036 5002
657 458 869 520 ..51-

234 644 322 710 444444
342 643 493 709 librit
441 648 512 709 aeta
513 648 576 708 tem
602 650 651 709 ort
654 666 705 708 um
730 645 781 710 sit.
760 643 1025 711 tCorruitita
1047 645 1293 712 fundamentum

234 767 344 812 eorum
380 768 462 830 quae
496 768 593 831 supra
626 747 664 812 de
698 748 923 831 opusculorum
952 747 1185 814 Lucianeorum
1218 750 1294 814 44444

234 870 348 916 444444
383 855 515 916 conatus
549 870 635 929 sum3
669 869 772 932 neque
807 854 890 917 444444
925 853 989 917 iarn
1016 852 1093 917 licet
1125 852 1294 936 utriusque

233 953 347 1019 classis
380 954 532 1018 libroruin
562 952 703 1017 ordinem
733 973 773 1017 ex
800 956 993 1039 apographis
1021 956 1204 1034 restituere,
1238 954 1295 1020 sed

232 1077 316 1123 unus
344 1056 399 1122 ille
427 1055 632 1140 accipiendus
659 1059 709 1119 est
731 1075 824 1138 quern
851 1057 947 1122 habet
969 1057 1174 1137 Harleianus
1209 1061 1294 1123 cete·

231 1180 340 1224 rorum
365 1161 493 1223 omnino
510 1179 545 1222 ra
547 1158 631 1222 tione
648 1179 709 1223 non
726 1159 814 1224 habit
803 1165 846 1240 ta,
869 1161 931 1225 nisi
948 1165 1026 1242 quat
1028 1181 1107 1226 enus
1131 1160 1172 1225 ad
1187 1164 1260 1243 part
1260 1180 1294 1224 es

232 1263 302 1328 eius
336 1283 420 1327 nunc
448 1263 512 1326 iam
539 1282 601 1325 non
633 1265 778 1326 extantes
805 1268 899 1329 restrt
858 1263 1022 1329 t'tucndas
1048 1263 1180 1328 faciunt.
1230 1261 1295 1328 Sed

231 1364 364 1431 Maassii
388 1385 443 1430 4444
446 1366 546 1429 444444
570 1385 730 1429 44444444
746 1386 807 1429 non
824 1365 1092 1450 potesttSieam
1110 1366 1294 1450 4444444444,

232 1470 341 1534 omnia
366 1470 398 1534 in
428 1467 546 1552 quibus
570 1468 726 1533 secundae
750 1470 862 1535 classis
886 1469 1012 1535 codices
1036 1471 1176 1534 44444444
1203 1475 1236 1535 44
1260 1471 1293 1534 44

232 1573 343 1638 ordine
379 1577 412 1636 et
444 1573 477 1636 in
509 1572 645 1651 singulis
668 1572 858 1638 lectionibus
882 1574 1095 1659 consentiunt,
1130 1573 1295 1638 referenda

231 1679 308 1742 sunt
341 1675 382 1740 ad
416 1695 582 1739 commune
609 1676 815 1759 archetypum
844 1676 995 1759 idemque
1022 1675 1191 1740 Harleiani
1217 1696 1294 1760 apo-

230 1778 389 1862 graphum
413 1779 434 1841 i.
451 1798 477 1842 4.
495 1778 535 1843 ad
559 1779 700 1844 codicem
725 1799 786 1842 non
809 1783 882 1844 ante
898 1779 1040 1844 Arethae
1062 1778 1294 1864 archiepiscopi

231 1880 435 1947 Caesaronsis
470 1885 619 1961 aetatem,
653 1882 684 1946 in
720 1882 812 1946 444444
846 1903 940 1946 usum
970 1880 1179 1946 Harleianum
1208 1883 1294 1946 cirea

229 2005 349 2049 annum
378 1987 440 2047 914
474 1986 626 2068 scripturn
664 2005 733 2050 esse
767 1985 835 2068 ipse
864 1982 1022 2049 Maassius
1050 1985 1293 2064 demonstravit,

229 2092 409 2154 exaratum.
465 2087 616 2152 Vidimus
654 2094 761 2153 autern
800 2107 896 2170 supra
929 2086 1016 2170 (pag.
1044 2085 1100 2166 28)
1133 2088 1291 2153 secundae
1369 2121 1372 2127 ·

229 2190 343 2256 classis
372 2190 478 2255 codice
505 2213 599 2255 nsum
625 2212 694 2255 esso
717 2192 781 2255 44444
807 2190 966 2271 Plotium,
1000 2192 1056 2274 qui
1090 2195 1176 2255 44444
1209 2192 1293 2256 44444

228 2298 278 2361 444
302 2293 438 2359 Luciani
466 2296 586 2378 scripta
609 2293 810 2358 Phalaridem
840 2295 979 2358 maxime
1006 2315 1068 2359 non
1096 2295 1199 2359 solum
1227 2294 1292 2360 4444

228 2402 522 2477 commemorasset,
537 2398 600 2462 nisi
616 2399 757 2461 omniurn
773 2398 1001 2481 opusculorum
1014 2397 1139 2480 primus
1151 2398 1291 2482 scriptus

227 2502 355 2577 fuisset,
394 2499 479 2585 quod
513 2502 676 2584 proprium
714 2505 764 2566 est
797 2501 942 2565 codicum
977 2502 1089 2565 classis
1123 2500 1291 2566 secundae.

228 2603 296 2671 Sed
322 2604 534 2670 Harleianunr
563 2624 625 2668 non
653 2624 722 2668 4444
751 2609 930 2668 ceterorum
959 2603 1167 2688 archetypum
1194 2605 1290 2668 etiam

227 2728 244 2773 4
272 2707 411 2788 singulis
440 2708 510 2771 4444
537 2706 728 2771 lectionibus
755 2707 967 2772 demonstrari
992 2713 1107 2790 potest.
1152 2705 1292 2771 Lubrica

227 2831 305 2877 sane
330 2814 380 2874 est
402 2811 557 2893 quaestio,
583 2831 653 2874 cunr
679 2811 709 2874 in
734 2810 774 2874 iis
790 2830 870 2893 quos
886 2831 970 2874 nuno
986 2808 1179 2874 Harleianus
1195 2808 1292 2873 habet

229 2913 350 2980 libellis
375 2918 408 2978 et
430 2912 574 2977 codicum
597 2913 768 2977 discrimen
793 2914 961 2977 minimum
979 2914 1168 2996 plerumque
1193 2913 1236 2977 sit
1259 2916 1292 2977 et

227 3017 358 3084 codices
383 3017 456 3081 boni
482 3022 539 3081 aut
565 3017 693 3080 omnino
717 3036 778 3080 non
802 3015 909 3081 collati
933 3017 998 3081 sint
1020 3019 1077 3081 aut
1099 3017 1145 3080 ita
1167 3020 1204 3080 44
1227 3015 1291 3080 444-

226 3120 314 3203 gulis
338 3139 401 3183 non
425 3139 550 3202 semper
572 3119 650 3183 fides
673 3119 784 3183 haberi
801 3120 912 3202 possit.
952 3119 1009 3183 Rei
1025 3119 1167 3199 gravitas
1182 3124 1291 3183 tamen

226 3222 334 3309 poscit
355 3228 392 3287 44
415 3221 657 3287 accuratissime
680 3223 712 3287 in
736 3243 805 3287 eam
830 3222 1043 3304 inquiramus,
1067 3228 1205 3306 suntque
1229 3244 1290 3288 non

226 3327 319 3392 nulla
341 3325 459 3409 quibus
483 3330 552 3389 tuto
576 3325 723 3389 insistere
747 3334 780 3390 et
802 3347 869 3389 rem
894 3324 1072 3390 diiudicare
1096 3326 1200 3390 liceat.

317 3429 404 3506 Quae
431 3448 528 3512 supra
556 3425 676 3511 (pagi
681 3427 716 3507 4)
745 3449 761 3491 4
785 3428 863 3493 44444
864 3429 894 3492 44
918 3427 970 3493 De
997 3429 1094 3493 saltat
1047 3429 1167 3493 tatione
1196 3432 1243 3493 att
1216 3429 1290 3493 44444

227 3537 275 3601 444
302 3536 487 3616 comparata
520 3535 643 3596 444444
621 3530 811 3597 utlllaassii
840 3538 911 3596 sent
913 3553 951 3596 44
955 3533 1018 3596 4444
1044 3533 1181 3597 faveant
1158 3531 1291 3598 tSed

225 3659 291 3703 non
326 3637 432 3701 minus
467 3639 587 3700 certum
623 3639 672 3699 est
658 3635 768 3700 talia
802 3637 831 3700 ei
865 3637 911 3699 ita
878 3634 1071 3699 tobstare
1099 3640 1137 3699 44
1123 3635 1290 3700 tadmitti

227 3742 360 3808 omnino
387 3759 448 3803 non
476 3737 622 3822 possit¹).
670 3739 702 3802 ln
722 3739 880 3822 Apologia
902 3738 1007 3803 tribus
1030 3737 1107 3802 locis
1131 3740 1228 3803 verba
1250 3738 1291 3804 ad

227 3844 421 3911 sententiam
450 3843 642 3922 4444444444,
677 3862 757 3925 quac
786 3844 818 3906 in
842 3841 1014 3906 Harleiano
1041 3841 1159 3906 desunt
1146 3847 1289 3924 tneque

228 3949 416 4014 coniectura
451 3946 629 4010 restitui>
610 3965 649 4028 p
633 3949 768 4025 oterant,
806 3946 838 4009 in
873 3945 989 4009 4444444
1024 3947 1079 4008 444
1080 3950 1135 4008 44
1137 3965 1245 4029 ,.oap
1272 3948 1287 4008 1

300 4116 319 4184 ¹)
337 4118 433 4170 Illudl
423 4121 510 4169 lamen
528 4133 559 4167 ex
577 4117 609 4167 iis
628 4117 717 4168 locis'
710 4133 765 4167 rnre
782 4117 892 4169 fortasse
905 4117 1031 4184 suspicari
1044 4116 1139 4179 licebit,
1122 4116 1244 4167 ttarche
1234 4115 1290 4182 typi

229 4206 321 4259 classis
335 4204 464 4257 secundae
478 4203 529 4254 duo
543 4202 609 4253 facta
622 4218 679 4253 esse
693 4204 849 4269 apographa,
862 4219 970 4268 qnorum
982 4219 1063 4253 unum
1076 4205 1115 4253 est
1128 4201 1290 4266 Harleianus‚

229 4292 339 4344 alterum
355 4291 415 4343 fons
434 4293 575 4342 ceterorum
595 4288 713 4340 codicum
732 4288 853 4339 omnium.
881 4288 931 4340 Sed
945 4304 1029 4355 pauca
1047 4289 1090 4340 illa
1109 4289 1226 4354 exempla
1238 4303 1291 4339 non

231 4376 366 4430 sufficiunt
383 4380 413 4428 ut
431 4379 499 4427 certo
519 4375 550 4425 de
570 4376 616 4426 4444
634 4391 660 4425 44
679 4375 785 4425 indicari
805 4375 896 4440 possit.

1054 4475 1088 4525 4*
