3036 5002
605 497 838 558 -117-

194 681 345 746 Dubitari
361 685 469 766 potest
483 680 523 744 de
539 678 680 760 Somnio,
701 681 788 765 quod
806 683 903 765 paulo
920 683 987 746 alio⁴
1000 682 1104 762 modo,
1128 683 1258 748 iuvenes

193 784 233 848 ad
244 784 435 850 eruditionis
445 783 553 849 studia
562 782 704 863 hortans,
713 784 826 864 finivit,
840 804 913 848 cum
926 784 1028 867 ipsam
1043 785 1257 850 narrationem

193 894 225 951 et
248 887 420 950 transitum
442 885 625 950 narratione
644 887 734 951 finita
751 884 835 970 (cap.
851 885 906 968 17)
921 887 1015 970 plane
1031 888 1143 953 eodem
1161 888 1257 954 modo

193 1008 256 1071 quo
290 989 323 1051 in
360 987 615 1071 praefationibus
653 1009 732 1054 usus
770 993 819 1054 est
851 988 1080 1071 institueret).
1140 988 1258 1056 Contra

193 1091 409 1155 certissimum
438 1095 488 1156 est
514 1091 637 1156 alienos
665 1092 704 1156 ab
731 1091 791 1156 hoc
818 1111 934 1172 genere
961 1113 1030 1158 esse
1056 1092 1184 1159 libellos
1207 1092 1256 1159 De

193 1193 287 1257 domo
304 1198 337 1258 et
349 1193 572 1258 Prometheum
588 1194 757 1276 minorem,
774 1195 829 1277 qui
845 1214 940 1259 suum
953 1194 1071 1260 habent
1086 1196 1256 1262 consilium

192 1316 294 1379 neque
316 1297 382 1361 ullo
406 1296 500 1361 modo
524 1296 565 1361 ad
587 1297 681 1361 aliam
704 1297 879 1362 orationem
895 1302 1082 1381 sequentem
1099 1303 1255 1381 spectant.

277 1400 310 1465 111
333 1400 383 1465 his
406 1401 658 1484 praefationibus
682 1422 764 1486 quae
780 1400 941 1466 Lucianus
963 1401 1003 1466 de
1020 1422 1054 1467 se
1070 1402 1141 1485 ipso
1158 1402 1258 1466 tradit

191 1502 412 1585 corriungenda
435 1506 510 1567 sunt
532 1523 605 1567 cum
628 1505 670 1568 iis
694 1523 776 1587 quae
799 1506 964 1586 praeterea
981 1524 1021 1569 ex
1040 1506 1110 1570 eius
1126 1504 1255 1588 scriptis

191 1607 230 1672 do
259 1607 360 1690 ipsius
387 1607 453 1670 vita
483 1611 515 1670 et
544 1606 661 1671 studiis
689 1609 846 1688 constant,
874 1626 954 1690 quae
977 1612 1053 1672 sunt
1076 1628 1151 1673 sane
1175 1627 1255 1691 pau-

192 1710 331 1774 cissima.
371 1707 501 1774 Certum
525 1713 575 1773 est
590 1708 769 1773 Lucianum
785 1713 895 1774 natum
913 1730 984 1775 esse
1001 1731 1083 1775 anno
1100 1712 1166 1775 fere
1183 1711 1254 1775 125.

190 1811 309 1876 Narrat
322 1813 406 1876 enirn
420 1813 489 1895 ipse
504 1831 537 1876 se
553 1831 653 1896 prope
666 1812 955 1895 quadragenarium
974 1814 1082 1879 studia
1097 1813 1256 1878 rhetorica

193 1915 373 1980 deseruisse
400 1919 432 1979 et
460 1914 621 1980 scribendi
647 1914 727 1979 illud
753 1935 855 1996 genus
887 1935 950 2000 quo
985 1916 1125 1982 maxime
1149 1936 1254 2000 neque

191 2018 258 2082 siue
287 2037 384 2082 eausa
411 2017 575 2098 gloriatur,
603 2018 807 2082 coniunctum
836 2039 853 2082 e
881 2019 1007 2101 dialogo
1030 2019 1254 2104 philosophico

191 2127 223 2185 ot
246 2120 423 2201 comoedia,
449 2120 553 2184 colere
576 2120 745 2202 incepisse,
774 2125 807 2185 et
830 2122 959 2206 scripsit
980 2122 1254 2206 quadragenarius

189 2223 438 2304 Hermotimum,
461 2242 524 2307 quo
548 2224 580 2287 111
604 2222 712 2287 libello
737 2225 968 2289 omniumfere
992 2227 1131 2292 maxime
1154 2227 1252 2292 etiam

188 2348 204 2392 1
228 2327 370 2391 Platonis
398 2325 596 2407 dialogorum
624 2326 805 2391 imitatione
832 2327 961 2410 pendet.
1007 2331 1114 2413 Atque
1142 2350 1252 2395 omnes

187 2430 284 2494 11111111
319 2430 447 2510 generis
480 2429 581 2494 libros
610 2428 748 2494 Athenis
780 2431 977 2513 conscriptos
1004 2453 1075 2497 esse
1111 2439 1252 2517 apparet,

187 2533 338 2613 migrauit
377 2534 485 2596 autern
520 2531 666 2596 Athenas
701 2532 776 2597 belli
812 2532 954 2597 Parthini
987 2537 1187 2617 temporibus
1221 2541 1253 2600 et

187 2634 317 2718 scripsit
343 2634 550 2716 Peregrinum
584 2655 665 2698 anno
695 2637 766 2698 165.
811 2635 923 2717 ltaque
956 2640 1079 2701 certum
1111 2642 1161 2702 est
1186 2637 1252 2702 Lu-

187 2738 312 2801 cianum
337 2738 433 2821 paulo
458 2741 531 2802 ante
555 2740 753 2801 1111111111165
776 2738 816 2802 ad
840 2757 958 2802 norum
975 2740 1135 2804 scribendi
1151 2759 1252 2821 genus

187 2861 220 2904 11
244 2842 441 2906 convertisse
472 2846 505 2905 et
527 2860 609 2904 anno
633 2841 698 2905 fere
723 2842 783 2905 125
810 2845 922 2905 natum
951 2861 1030 2907 esse.
1077 2842 1250 2926 Postquam

185 2949 293 3009 autom
317 2944 358 3008 ad
380 2944 547 3028 proprium
575 2942 736 3008 scribendi
763 2964 861 3026 genus
887 2943 1013 3010 delatus
1036 2949 1094 3025 est,
1123 2945 1182 3011 hoo
1205 2947 1252 3011 ita

185 3052 369 3112 constanter
396 3046 539 3112 tenuisse
573 3046 701 3111 videtur
728 3052 766 3112 ut
793 3048 909 3112 aetatis
936 3048 1123 3113 discrimina
1149 3050 1181 3113 in
1208 3050 1249 3113 iis

183 3172 264 3235 quae
299 3148 416 3216 deinde
451 3150 582 3232 scripsit
615 3149 751 3214 inveniri
778 3150 833 3214 rix
860 3152 996 3234 possint,
1031 3158 1116 3218 certe
1144 3153 1250 3218 adhuc

182 3255 310 3338 quidem
340 3255 472 3318 inventa
500 3273 562 3318 non
594 3250 669 3317 sint.
725 3252 933 3334 Peregrinum
960 3255 988 3319 si
1015 3256 1249 3340 comparaveris

182 3381 254 3424 cum
294 3357 476 3424 Alexandro
516 3357 590 3440 plus
629 3355 810 3439 quindecim
847 3358 939 3422 annis
973 3364 1085 3442 postea
1117 3360 1248 3442 scripto,

181 3465 336 3527 interesse
360 3460 486 3544 aliquid
509 3459 638 3540 senties,
662 3458 718 3524 sed
741 3460 843 3524 multo
866 3460 972 3525 minus
993 3481 1088 3545 quarn
1112 3463 1249 3528 interest

182 3567 265 3629 inter
277 3564 484 3647 Peregrinum
503 3568 536 3628 et
546 3562 675 3628 libellos
688 3562 783 3646 paulo
800 3567 873 3628 ante
886 3565 1034 3648 scriptos,
1051 3563 1101 3630 De
1113 3563 1248 3629 historia

182 3674 215 3732 et
241 3668 400 3748 foragines
409 3663 443 3748 ²).
490 3665 598 3732 Habet
623 3662 785 3730 Lucianus
813 3685 932 3749 paucas
962 3667 1117 3750 quasdam
1141 3668 1245 3732 resin

181 3770 297 3853 quibus
323 3776 432 3835 tenere
460 3790 495 3835 se
524 3769 615 3848 solet,
644 3768 685 3833 ad
712 3787 791 3852 quas
819 3770 950 3852 ubique,
980 3790 1042 3834 non
1070 3789 1245 3853 numquam

252 3971 270 4039 ¹)
289 3974 411 4026 Fortasse
424 3974 557 4028 Lucianus
574 3975 643 4027 hunc
655 3973 772 4026 libellum
783 3980 814 4026 ut
825 3975 1010 4041 praefationem
1023 3975 1136 4042 scripsit,
1154 3978 1245 4042 postea

179 4065 264 4113 autem
285 4061 342 4112 eius
361 4059 439 4112 finem
458 4061 611 4126 immutavit,
630 4076 688 4112 eum
707 4075 822 4113 seorsum
836 4078 851 4112 1
863 4063 956 4114 1111111
968 4062 1173 4128 praefationibus
1186 4078 1244 4113 cum

178 4148 236 4200 aliis
266 4147 340 4199 libris
367 4146 462 4198 ederet.
499 4147 574 4201 Certe
596 4146 853 4200 animaduertendum
876 4151 916 4199 est
938 4149 987 4200 hoo
1005 4163 1085 4199 unum
1106 4163 1120 4199 1
1139 4147 1244 4215 seriptis

178 4234 313 4287 rhetoricis
331 4233 359 4284 in
378 4235 451 4300 parte
469 4233 492 4285 A
509 4234 585 4287 tradi.

247 4318 266 4383 2’)
285 4319 446 4386 Imaginibus
464 4319 584 4372 laudatur
602 4320 727 4382 Penthea,
751 4320 914 4387 imperatoris
933 4319 1024 4384 amica,
1042 4335 1058 4370 a
1076 4318 1204 4383 Inicia1103
1228 4336 1244 4372 a

176 4407 260 4457 111111
280 4405 385 4457 Aurelio
405 4402 541 4470 (111137)
569 4408 783 4458 commemoratur
800 4405 917 4458 Penthea
944 4405 989 4469 ito,
1016 4408 1046 4456 ut
1073 4404 1167 4456 mortui
1194 4405 1242 4455 im-
