3036 5002
651 475 863 538 ..21-

227 678 326 743 prope
359 659 399 724 ad
434 682 507 726 eum
543 659 669 726 accedit
696 664 734 724 ut
755 658 795 725 de
818 660 971 725 affinitate
995 658 1137 725 dubitari
1159 660 1287 725 omnino

225 781 288 826 non
312 763 421 846 possit.
459 762 525 828 Iam
551 782 625 827 oum
642 780 831 828 consensum
848 762 939 827 illum
958 782 1029 827 cum
1047 759 1289 827 Vindobonensi

225 866 258 930 in
284 865 437 933 Vaticano
460 866 654 953 praecedant
676 864 810 930 Luciani
834 865 934 930 libelli
958 863 1190 946 duodeviginti,
1218 884 1288 930 eos·

226 968 299 1034 dem
334 968 393 1035 hos
426 971 494 1036 iere
528 989 597 1034 esse
633 972 728 1050 atque
762 967 1068 1048 illosundeviginti
1094 986 1176 1050 quos
1202 989 1289 1034 nunc

229 1071 405 1137 desiderari
432 1074 466 1138 in
493 1072 600 1138 codice
625 1071 649 1136 B
673 1069 870 1153 supradixi,
898 1069 1056 1152 suspicari
1078 1068 1289 1153 probabiliter

229 1193 410 1256 possumus,
445 1194 576 1258 eamque
609 1174 824 1240 coniecturam
858 1193 965 1237 veram
1001 1177 1033 1237 et
1067 1175 1188 1238 certam
1215 1192 1287 1240 esse

229 1276 364 1340 aliorum
393 1277 535 1342 codicum
564 1277 759 1362 comparatio
785 1274 887 1340 docet.
932 1276 1017 1340 Ante
1042 1295 1096 1342 eos
1118 1274 1245 1341 libellos
1269 1297 1289 1341 a

228 1380 344 1464 quibus
370 1378 626 1445 Vindobonensis
660 1400 744 1444 nunc
777 1379 891 1462 incipit
924 1379 1060 1462 scriptos
1084 1378 1159 1443 olim
1185 1379 1286 1445 luisse

227 1481 367 1562 Gallum,
395 1480 452 1547 Bis
480 1486 675 1561 accusatum,
703 1481 850 1546 Vitarum
878 1483 1058 1546 auctionem
1081 1481 1173 1546 docet
1195 1479 1288 1546 Vati-

225 1605 324 1651 canus
353 1586 450 1665 13243
486 1584 584 1650 iidem
610 1584 712 1649 libelli
740 1583 848 1649 eodem
877 1584 946 1648 loco
974 1584 1150 1667 eodemque
1177 1584 1287 1652 ordine

225 1691 377 1770 leguntur
409 1687 444 1752 in
471 1687 626 1752 Vaticano
654 1691 705 1767 lo,
735 1687 797 1751 nisi
831 1685 917 1769 quod
951 1686 990 1751 de
1016 1687 1131 1751 ultimo
1157 1692 1288 1772 propter

227 1791 304 1856 folia
336 1809 398 1854 non
431 1791 520 1856 nulla
553 1792 672 1855 amissa
704 1809 761 1873 per
795 1809 828 1853 se
861 1810 923 1853 non
951 1792 1085 1854 constat.
1135 1789 1287 1857 Omnium

228 1894 374 1977 proxime
408 1897 516 1959 autem
550 1895 739 1958 coniunctus
774 1896 823 1956 est
858 1891 959 1956 codex
993 1912 1063 1956 oum
1089 1890 1287 1960 Gorlicensis

229 2001 319 2082 parte
353 2017 391 2062 ea
424 2016 505 2081 quae
541 1997 682 2061 continet
714 1994 841 2060 libellos
874 1993 948 2059 inde
976 2015 996 2059 a
1022 1996 1286 2078 quinquagesimo

228 2120 329 2184 usque
354 2100 393 2165 ad
409 2101 646 2182 sexagesimum
656 2097 689 2178 ¹).
727 2096 819 2161 Hanc
836 2097 921 2162 enim
939 2096 1135 2164 Gorlicensis
1152 2105 1286 2183 partem,

227 2225 309 2288 quae
337 2204 369 2268 in
392 2204 463 2283 fine,
496 2202 553 2267 ubi
577 2205 664 2266 extat
688 2201 953 2282 Vindobonensis‚
987 2203 1190 2286 apertissime
1214 2224 1285 2270 cum

226 2329 263 2374 eo
288 2307 457 2385 consentit,
486 2310 657 2390 apparete
681 2304 754 2368 libri
777 2302 925 2369 Vaticani
947 2307 1033 2372 fonte
1055 2308 1101 2372 ita
1124 2312 1285 2390 sumptam

226 2431 296 2476 esse
324 2413 361 2475 ut
382 2409 534 2474 librarius
557 2407 752 2493 paucissima
774 2407 881 2471 nescio
905 2428 969 2491 qua
992 2429 1088 2474 causa
1111 2410 1286 2493 omitteret,

225 2518 332 2577 cetora
359 2511 557 2577 describeret
579 2510 686 2574 omnia
707 2509 770 2573 nisi
793 2528 874 2592 quae
898 2531 939 2575 ox
962 2512 1033 2577 aliis
1056 2512 1199 2578 fontibus
1221 2514 1285 2580 iam

225 2623 321 2682 antea
354 2621 529 2700 receperat,
564 2612 708 2677 ordinem
743 2617 851 2677 autem
879 2614 973 2697 plane
1000 2614 1134 2679 eundem
1163 2620 1287 2682 teneret

226 2741 318 2804 quem
346 2719 379 2783 in
406 2718 494 2782 fonte
522 2735 580 2781 suo
606 2715 730 2780 invenit
755 2715 897 2798 nihilque
921 2717 1060 2781 alienum
1084 2717 1284 2785 admisceret.

227 2823 336 2888 Totam
362 2842 429 2886 rem
453 2819 573 2902 optime
597 2817 752 2884 illustrari
768 2823 847 2902 puto
865 2817 985 2900 tabula,
1010 2839 1106 2902 quam
1122 2823 1285 2906 proposui,

229 2947 292 3010 qua
324 2925 441 3007 singuli
473 2922 599 2987 codices
627 2941 689 3005 qua
715 2922 837 2987 ratione
863 2922 947 2986 inter
974 2943 1007 2987 se
1034 2924 1194 2990 coniuncti
1221 2927 1286 2992 sint

228 3029 369 3112 alterque
398 3027 531 3094 alterius
560 3026 778 3090 testimonium
803 3026 968 3090 confirmet
988 3026 1082 3092 facile
1105 3029 1284 3112 apparebit.

845 3233 905 3293 Pars
953 3233 1013 3294 Pars

302 3271 500 3390 Vind⁰b⁰nin⁸i⁸
601 3317 734 3378 Vaticanus
757 3321 788 3380 36
835 3318 912 3379 vatic.
948 3319 1020 3381 blare.
1129 3268 1221 3389 Pius,
1267 3287 1269 3291 ¹

329 3395 386 3454 pars
410 3394 475 3452 prior
843 3407 909 3466 1324
954 3407 1008 3467 436
1087 3371 1235 3434 concensus

224 3530 291 3611 (13)
300 3528 323 3610 2)
580 3522 682 3587 Vorae
712 3521 813 3586 histo-

599 3609 666 3673 riae
690 3607 744 3687 I.)

218 3718 291 3800 (14)
581 3711 682 3776 Verac
712 3710 813 3776 histo-

600 3798 665 3863 riae
689 3796 726 3860 ΙΙ.

223 3924 425 3933 ——-———

294 4006 313 4073 ¹)
332 4007 432 4074 Sequor
454 4005 566 4056 indicem
589 4003 672 4055 codici
694 4003 873 4070 praemissum,
900 4018 974 4068 quem
998 4004 1105 4057 tradidit
1126 4006 1283 4059 Iacobitzius

224 4096 235 4148 l
255 4109 314 4162 pag.
326 4093 376 4146 IX.

293 4194 452 4262 ²)Numeris
473 4194 630 4260 praepositis
653 4208 710 4243 enm
733 4192 818 4260 locum
843 4191 987 4259 significavi
1009 4208 1060 4258 quo
1083 4192 1180 4261 singuli
1201 4193 1284 4251 libelli

224 4284 315 4352 scripti
332 4286 395 4335 sunt
412 4281 440 4332 in
457 4279 583 4332 Vaticano
602 4277 644 4330 90.

292 4383 312 4452 ³)
331 4384 436 4436 Initium
454 4382 536 4434 libelli
554 4397 637 4453 usqne
655 4381 686 4433 ad
707 4385 784 4448 caput
804 4379 835 4431 14
853 4381 937 4452 periit.
