3036 5002
709 1289 736 1353 1.

278 1478 413 1543 Nullum
441 1481 549 1542 extare
577 1477 720 1542 codicem
747 1477 802 1560 qui
830 1478 937 1542 omnia
963 1476 1100 1543 Luciani
1133 1478 1254 1562 scripta

193 1581 486 1665 comprehenderet,
509 1579 594 1662 quod
616 1583 647 1643 ct
661 1578 830 1646 Bekkerus
853 1580 937 1646 dixit
956 1585 990 1646 et
1003 1601 1108 1665 nuper
1124 1580 1253 1646 demum

193 1705 250 1769 pro
273 1689 361 1748 certo
384 1684 539 1766 repetivit
553 1680 859 1762 Sornmerbrodtius,
881 1704 955 1749 vere
978 1685 1114 1750 fortasse
1132 1683 1253 1749 dictum

195 1791 244 1851 cst
266 1787 293 1850 si
317 1786 416 1850 verba
431 1787 568 1870 spectas,
591 1784 618 1849 si
634 1805 698 1872 11111
718 1785 832 1868 ipsam,
854 1806 918 1850 non
933 1792 984 1852 est
998 1807 1120 1852 verum.
1144 1785 1254 1851 Codex

196 1890 281 1953 caim
298 1888 474 1953 Vaticanus
491 1889 532 1952 90
551 1885 612 1968 (P)
635 1906 692 1970 pro
715 1886 839 1969 integro
855 1887 989 1954 Luciani
1012 1888 1120 1954 codice
1143 1887 1254 1953 haberi

196 1997 309 2076 potest.
355 1991 477 2057 Novem
513 1990 639 2055 libellos
673 1991 705 2054 in
740 1991 796 2055 illo
829 2011 892 2056 non
924 1992 990 2073 legi
1018 1992 1095 2057 olim
1120 1991 1256 2057 tradidit

194 2095 375 2160 Massonius
385 2091 418 2173 ¹),
443 2112 536 2176 quem
559 2112 662 2176 usque
687 2093 728 2158 ad
749 2092 834 2159 hunc
854 2095 940 2160 diem
963 2097 1067 2161 secuti
1090 2099 1166 2160 sunt
1186 2096 1253 2160 fere

154 2200 157 2205 ’
194 2194 349 2278 1111111112).
394 2197 516 2262 Eorum
544 2200 697 2280 quattuor
724 2217 809 2261 nunc
838 2198 936 2263 etiarn
963 2200 997 2263 in
1023 2198 1134 2264 codice
1157 2217 1255 2282 appa-

193 2307 274 2379 rent,
309 2301 401 2379 duos,
435 2299 609 2364 Rhetorum
644 2304 887 2384 praeceptorem
921 2305 953 2366 11
982 2301 1125 2383 dialogos
1152 2322 1255 2367 mere-

192 2406 314 2485 tricios,
339 2409 370 2469 et
393 2403 529 2487 scriptos
553 2402 629 2467 olim
651 2403 752 2469 fuisse
776 2406 810 2468 et
832 2422 895 2486 quo
911 2404 981 2469 loco
997 2405 1109 2488 scripti
1124 2406 1254 2484 fuerint,

193 2528 439 2571 enumerarem
473 2506 609 2588 singulis
642 2505 806 2589 opusculis
838 2506 1038 2591 singulisque
1072 2508 1255 2591 quaternio-

192 2611 288 2675 nibus
312 2610 549 2693 adscriptorum
571 2608 782 2692 codicumque
806 2629 917 2675 eorum
939 2612 994 2695 qui
1016 2612 1165 2696 proxima
1187 2612 1255 2675 affi-

193 2714 293 2777 nitate
316 2713 399 2776 bunc
419 2713 584 2794 attingunt*
604 2712 826 2777 observatione
843 2732 899 2796 pro
923 2717 1010 2778 certo
1033 2713 1116 2778 effici
1139 2717 1253 2797 potest.

194 2816 327 2880 Restant
347 2816 448 2897 igitur
461 2820 529 2881 tres
544 2815 658 2894 libelli,
681 2814 779 2896 Nero,
802 2814 1025 2896 Charidemus,
1048 2814 1255 2900 Philopatris,

196 2919 251 3000 qui
277 2938 379 3001 neque
406 2923 482 2984 sunt
505 2917 659 2984 lucianei
687 2922 720 2984 et
746 2918 786 2983 ab
814 2918 963 2984 omnibus
991 2919 1134 2984 melioris
1161 2924 1256 2985 notae

197 3020 360 3086 codicibus
394 3021 520 3103 absunt,
553 3027 590 3087 ut
615 3043 679 3087 non
706 3022 807 3086 multo
830 3026 904 3087 ante
927 3021 1078 3088 editionis
1101 3023 1255 3107 principis

195 3128 333 3189 aetatem
371 3126 496 3209 corpori
532 3125 686 3190 librorum
721 3123 956 3190 Lucianeorum
993 3124 1149 3210 adscripti
1186 3147 1256 3192 esse

195 3228 373 3293 videantur.
412 3227 603 3293 (lontinebat
625 3248 699 3310 crgo
722 3228 824 3293 codex
846 3228 951 3294 tribus
974 3229 1040 3294 illis
1063 3230 1119 3314 qui
1142 3231 1181 3294 ab
1197 3229 1257 3295 hac

194 3332 383 3413 quaestione
411 3332 540 3397 omnino
563 3330 752 3397 secludendi
775 3336 852 3397 sunt
876 3333 1021 3417 exceptis
1044 3334 1152 3397 omnia
1174 3352 1256 3416 quae

194 3433 254 3498 sub
270 3433 406 3498 Luciani
428 3435 556 3500 nomine
580 3435 632 3500 edi
655 3434 772 3516 solent3
795 3456 872 3500 num
896 3439 1004 3500 autem
1025 3456 1064 3501 ex
1083 3436 1256 3520 archetypo

193 3557 255 3600 non
280 3537 389 3602 minus
412 3537 505 3620 pleno
529 3538 710 3622 descriptus
726 3538 778 3618 sit,
802 3537 942 3602 dubitari
958 3541 1075 3622 potest.
1110 3537 1256 3623 Scriptus

194 3645 244 3704 est
266 3661 343 3705 sane
365 3640 465 3705 codex
484 3643 573 3706 totus
590 3640 700 3705 eadem
718 3644 836 3719 aetate,
858 3638 974 3704 iisdem
992 3640 1119 3722 litteris,
1144 3641 1254 3706 eodem

195 3746 384 3824 atramento,
406 3745 439 3807 in
456 3744 566 3808 eodem
584 3744 843 3808 membranarum
858 3763 985 3824 genere,
1009 3747 1052 3824 et,
1069 3747 1104 3808 111
1119 3744 1256 3823 videtur,

195 3845 234 3909 ab
258 3845 370 3911 codem
394 3844 572 3927 librario³);
599 3845 747 3911 absoluto
769 3851 877 3910 autem
894 3844 1011 3929 Cynico
1033 3846 1143 3912 libello
1160 3846 1256 3911 libra-

195 3949 262 4013 rius
292 3953 402 4013 contra
428 3969 550 4013 morem
580 3969 674 4013 suum
703 3948 819 4013 litteris
846 3948 989 4013 nondum
1012 3949 1052 4014 ad
1074 3950 1256 4014 inferiorem

194 4069 354 4077 -.-.--—.
363 4071 397 4076 ...-

283 4118 302 4184 l)
321 4119 399 4187 Apud
418 4119 546 4171 Reitzium
565 4119 646 4186 praef.
659 4134 718 4187 pag.
731 4119 830 4185 XVlll,
848 4120 1021 4173 Jacobitaium
1040 4134 1099 4186 pag.
1112 4120 1206 4171 XXX.

282 4203 411 4273 ²)aner
437 4205 551 4257 codicem
578 4206 663 4257 denuo
690 4205 807 4271 inspexit
828 4206 857 4257 P.
880 4205 912 4257 de
933 4205 1042 4268 Nolhoc‚
1070 4206 1115 4272 qui
1141 4221 1174 4256 ne
1200 4204 1257 4271 ipse

199 4292 301 4358 quidem
320 4292 407 4344 omnia
424 4295 493 4344 recte
511 4292 543 4343 de
560 4307 591 4344 eo
609 4290 716 4343 tradidit
728 4288 827 4355 (Revue
840 4291 871 4342 de
884 4291 1026 4358 philologia
1041 4289 1106 4342 1884
1119 4305 1178 4358 pag.
1190 4287 1258 4355 147).

282 4375 303 4443 ³)
322 4378 405 4430 Aliter
423 4348 547 4429 iudicavit
565 4377 593 4428 P.
612 4376 643 4428 ce
662 4376 824 4428 1110111111.

1023 4475 1056 4527 l*
