3036 5002
603 449 840 510 -127-

196 644 319 705 centum
344 657 499 703 annorum
522 635 670 719 homines
694 656 710 700 e
735 635 832 699 certis
856 630 1047 715 quibusdam
1071 631 1256 714 provinciis,

194 743 308 809 deinde
333 763 435 826 pauca
451 742 489 807 de
505 741 699 819 Democrito,
722 736 876 816 Ctesibio,
899 735 1108 817 Hieronymo,
1131 734 1257 816 Argan-

192 848 304 912 thonio
327 845 479 926 (tortasse
502 845 598 909 etiam
622 843 661 908 de
685 843 756 907 aliis
779 841 891 924 paucis
914 839 1008 904 claris
1027 838 1105 903 viris
1121 857 1256 920 quorum

194 949 351 1014 memoria
367 949 398 1012 in
415 947 497 1013 libro
513 967 597 1012 nunc
612 966 673 1011 non
691 940 868 1028 comparet)
884 963 924 1008 cx
941 942 1051 1006 eodem
1066 940 1257 1006 Tiberianae

197 1052 312 1116 aetatis
347 1051 512 1134 scriptore,
547 1051 639 1115 cuius
674 1048 863 1132 opuseulum
888 1044 1161 1111 Pseudolucianus
1195 1065 1258 1110 non

196 1154 391 1231 adhibuisse,
432 1154 489 1219 scd
530 1158 633 1218 totum
670 1153 702 1216 in
740 1171 833 1216 suum
872 1149 1016 1215 libellum
1054 1149 1258 1214 transtulisse

196 1258 334 1338 videtur,
357 1257 495 1340 denique
512 1257 551 1322 de
567 1255 692 1321 duobus
709 1253 892 1319 hominibus
909 1272 988 1335 quos
1003 1253 1073 1336 ipse
1090 1250 1257 1331 viderat¹).

196 1361 283 1438 Quae
311 1362 418 1426 omnia
444 1362 490 1426 ita
516 1359 698 1442 composuit
724 1362 762 1422 ut
788 1360 856 1422 tota
884 1355 1059 1441 disputatio
1083 1355 1258 1421 secundum

194 1485 352 1530 annorum
372 1484 520 1529 numeros
544 1484 563 1528 a
585 1462 761 1528 centesimo
784 1460 941 1544 incipiens
964 1460 1162 1542 procederet.

197 1980 240 2031 ille
259 1979 336 2030 etiam
354 1980 383 2029 ut
395 1977 513 2043 Phlegon
531 1976 562 2028 de
581 1977 637 2029 sola
655 1980 745 2029 octara
763 1976 869 2041 regione
889 1974 950 2041 egit.
980 1973 1021 2025 Ad
1034 1989 1139 2026 censum
1152 1975 1213 2026 anni
1227 1973 1260 2025 74

196 2066 279 2116 redire
307 2079 372 2131 quae
390 2063 507 2130 Phlegon
532 2062 612 2114 tradit
638 2063 731 2113 mirum
753 2065 793 2113 est
811 2060 950 2127 Bergkium
973 2075 1092 2126 negasse,
1118 2077 1204 2112 vemm
1228 2060 1260 2111 de

196 2154 251 2202 tota
264 2150 415 2218 quaestione
428 2149 562 2216 perspexit
573 2149 748 2201 Mommsenus
761 2145 924 2211 (Romiscbes
937 2144 1097 2198 Staatsreeht
1109 2146 1143 2211 ll,
1157 2143 1191 2209 1³,
1201 2144 1260 2209 370,

196 2237 241 2289 cfr.
264 2237 340 2288 etiam
363 2250 422 2303 pag.
439 2234 490 2285 417
508 2235 596 2287 adnot.
614 2232 650 2299 2).
686 2233 837 2286 Communis
864 2236 949 2284 autem
977 2233 1020 2284 ille
1039 2232 1118 2284 Plinii
1142 2236 1168 2284 et
1186 2232 1260 2284 Pble-

194 2324 281 2387 gontis
304 2321 363 2374 fons
387 2326 441 2373 erat
463 2320 573 2374 fortasse
592 2320 700 2372 Asconii
719 2319 751 2370 de
769 2319 902 2385 longaevis
919 2320 994 2384 liber,
1023 2335 1098 2385 quem
1124 2319 1261 2385 scripsisse

194 2408 268 2459 illum
295 2407 465 2475 probabiliter
492 2407 659 2459 coniecerunt
686 2405 862 2471 Kiesslingius
889 2410 914 2457 et
941 2406 1086 2458 Sehoellius
1114 2404 1204 2472 (prael.
1234 2406 1261 2458 in

195 2490 336 2546 rt'sconium
356 2507 416 2559 pag.
428 2489 515 2557 Vlll);
537 2509 596 2544 narn
616 2497 642 2543 et
659 2492 773 2544 narratio
793 2491 825 2542 <te
843 2492 987 2559 nonaginta
1004 2509 1130 2543 annorum
1149 2493 1261 2558 homine,

195 2595 271 2646 quem
291 2578 421 2630 Asconius
448 2578 550 2630 iuvenis
576 2578 684 2642 viderat,
702 2577 805 2629 ‘tradita
832 2577 902 2644 apud
926 2577 1032 2629 Suidam
1060 2575 1091 2643 (s.
1110 2595 1133 2628 v.
1148 2574 1263 2632 Ἀπίκιος

196 2661 311 2730 Μάρκος,
339 2663 464 2715 Aelianus
483 2662 523 2714 ed.
535 2663 648 2715 Hercher
666 2664 699 2728 ll,
712 2661 773 2727 240)
791 2665 846 2714 iure
865 2663 897 2713 ad
916 2678 973 2714 eum
992 2663 1110 2725 retertur,
1137 2669 1163 2716 et
1190 2665 1262 2716 testi·

196 2751 282 2802 monio
305 2750 362 2801 eius
385 2750 413 2801 in
435 2765 462 2800 re
485 2749 563 2800 simili
580 2749 630 2802 hoc
647 2750 705 2816 ipso
723 2751 780 2802 loco
799 2749 882 2800 utitur
899 2749 1000 2802 Plinius
1020 2749 1089 2815 (Vll,
1105 2747 1173 2813 159).
1209 2750 1262 2801 lam

196 2851 254 2887 eum
273 2836 367 2887 librum
385 2851 399 2887 e
418 2851 469 2902 quo
487 2835 589 2887 Plinius
608 2837 720 2903 sumpsit
738 2851 804 2903 quae
823 2835 855 2887 de
873 2836 987 2902 regionis
1007 2841 1111 2888 octavae
1128 2836 1262 2902 longaevis

196 2922 275 2973 tradit
294 2922 418 2987 seriptum
437 2937 494 2973 esse
513 2922 581 2973 inter
598 2937 680 2974 annos
701 2920 732 2972 74
751 2927 777 2972 et
796 2918 935 2987 77116178,
957 2938 1007 2989 quo
1027 2923 1083 2989 ipse
1096 2922 1165 2974 bunc
1177 2923 1261 2975 locum

197 3008 301 3074 scripsit
314 3005 382 3073 (Vll,
394 3004 463 3073 162),
481 3011 596 3074 apparet,
615 3008 757 3060 Asconium
777 3010 862 3059 autem
881 3008 957 3059 talem
970 3008 1065 3060 librum
1084 3009 1262 3076 composuisse

196 3098 226 3145 ut
244 3110 317 3145 suam
335 3093 420 3161 ipsius
439 3095 597 3145 senectutem
618 3095 797 3145 consolaretur
813 3095 865 3144 veri
884 3109 937 3145 non
957 3094 1083 3146 dissimile
1107 3098 1154 3160 cst,
1178 3111 1262 3162 neque

197 3181 224 3231 in
243 3195 397 3247 quemquam
416 3179 494 3231 alium
513 3180 605 3232 melius
624 3180 726 3231 videtur
744 3182 881 3232 convenire
898 3180 944 3232 illa
962 3181 1027 3232 actis
1040 3181 1153 3248 publicis
1171 3183 1262 3233 utendi

196 3267 269 3318 ratio.
305 3265 395 3332 Neque
424 3266 478 3318 scio
506 3281 540 3317 an
558 3264 710 3332 Hieronymi
738 3267 926 3331 testimonium,
954 3267 999 3334 qui
1026 3266 1122 3318 clarum
1146 3268 1262 3320 habitum

195 3352 277 3405 fnisse
296 3351 439 3404 Asconium
457 3367 525 3404 anno
537 3341 576 3403 '76
596 3351 683 3418 tradit,
708 3369 761 3406 non
779 3353 811 3404 ad
832 3353 964 3406 oculorum
983 3353 1064 3404 aciem
1083 3355 1176 3406 aetatis
1194 3370 1262 3406 anno

195 3438 389 3506 septuagesimo
417 3438 493 3489 tertio
521 3437 641 3489 amissam
669 3443 777 3507 spectet,
806 3443 836 3490 ut
862 3440 1039 3506 Kiesslingius
1066 3443 1091 3491 et
1118 3440 1263 3493 Sehoellius

195 3522 265 3592 (pag.
277 3525 324 3590 Vl)
344 3525 490 3589 voluerunt,
517 3524 563 3576 sed
585 3525 617 3575 ad
637 3540 667 3575 ca
685 3540 751 3592 quae
769 3524 900 3577 Asconius
918 3525 978 3577 talis
996 3526 1056 3577 libri
1076 3527 1212 3579 occasione
1231 3527 1263 3578 de

198 3625 224 3661 se
251 3611 308 3677 ipse
334 3610 484 3675 tradiderat,
511 3610 629 3662 adbibita
655 3626 670 3662 a
697 3609 831 3663 Suetonio.
868 3610 943 3675 Quod
970 3611 992 3662 si
1019 3626 1108 3662 verum
1135 3614 1183 3675 est,
1210 3629 1262 3665 non

197 3710 265 3746 anno
284 3693 300 3745 3
318 3712 344 3764 p.
354 3695 412 3749 Chr.
430 3699 509 3748 natus
528 3699 567 3746 est
581 3696 710 3747 Asconius
728 3697 783 3760 sed,
801 3700 830 3747 ut
848 3697 899 3749 alia
916 3697 1017 3748 ratione
1036 3695 1129 3749 ductus
1147 3698 1263 3750 voluerat

198 3781 248 3831 iam
260 3780 404 3847 Madvigius
416 3779 577 3849 (Disputatio
596 3784 686 3836 critica
703 3799 762 3851 pag.
774 3782 826 3848 16),
843 3783 986 3849 aliquanto,
1003 3782 1114 3834 fortasse
1127 3783 1263 3836 duodecim

197 3866 282 3930 annis,
300 3869 369 3932 ante,
392 3872 417 3921 et
435 3871 531 3938 optime
549 3873 651 3938 poterat
669 3869 831 3934 Quintiliano
850 3867 882 3935 (l,
895 3868 919 3934 7,
931 3867 975 3934 24)
994 3884 1098 3919 narrare
1116 3884 1167 3936 quo
1186 3871 1263 3923 modo

197 3951 289 4002 Livius
315 3952 395 4005 verba
421 3957 496 4022 quasi
523 3961 549 4008 et
575 3955 627 4008 sibi
644 3956 849 4022 pronuntiaverit
872 3959 917 4006 aut
936 3954 1077 4020 scripserit.
1112 3954 1263 4023 Numquae

198 4037 247 4088 boc
274 4037 432 4103 testimonio,
460 4041 482 4093 si
500 4039 804 4094 editorum'sententiam
823 4042 964 4107 sequimur,
987 4043 1104 4092 movetur
1123 4040 1263 4094 difficultas

197 4121 253 4185 (etr.
273 4137 360 4174 eorum
379 4126 564 4191 praefationem
584 4143 643 4194 pag.
656 4125 712 4190 Vl),
736 4143 766 4178 ca
787 4130 817 4177 ut
839 4126 950 4178 fortasse
973 4126 1117 4178 tolerabilis
1135 4128 1172 4179 ita
1190 4129 1218 4178 in
1236 4143 1263 4179 re

197 4210 297 4261 incerta
315 4211 420 4264 minime
440 4213 628 4265 contemnenda
647 4229 703 4265 esse
722 4212 784 4263 mibi
804 4212 913 4267 videtur.

268 4293 287 4360 ¹)
304 4295 403 4350 Fausto
421 4297 539 4351 Caesaris
557 4314 630 4352 servo
650 4314 664 4350 e
682 4297 789 4350 Sabinis
807 4300 833 4349 et
850 4298 917 4349 Iulia
935 4298 1081 4349 Modestina
1099 4298 1263 4366 primipilarii

197 4381 301 4445 liberta3
327 4390 436 4451 apparet
463 4384 531 4436 enirn
554 4384 682 4437 detectum
705 4384 831 4436 hocloco
850 4381 1018 4450 (pag.89,21
1038 4383 1078 4435 ed.
1091 4380 1189 4450 Keller)
1209 4399 1262 4436 non
