<?xml version="1.0" encoding="UTF-8"?>
<!DOCTYPE html PUBLIC "-//W3C//DTD XHTML 1.0 Transitional//EN"
    "http://www.w3.org/TR/xhtml1/DTD/xhtml1-transitional.dtd">
<html xmlns="http://www.w3.org/1999/xhtml" xml:lang="en" lang="en">
 <head>
  <title>
</title>
<meta http-equiv="Content-Type" content="text/html;charset=utf-8" />
  <meta name='ocr-system' content='tesseract 3.04.00' />
  <meta name='ocr-capabilities' content='ocr_page ocr_carea ocr_par ocr_line ocrx_word'/>
</head>
<body>
  <div class='ocr_page' id='page_1' title='image "./quaestionesluci00rothgoog_0046.png"; bbox 0 0 3036 5002; ppageno 0'>
   <div class='ocr_carea' id='block_1_1' title="bbox 726 1381 789 1446">
    <p class='ocr_par' dir='ltr' id='par_1_1' title="bbox 726 1381 789 1446">
     <span class='ocr_line' id='line_1_1' title="bbox 726 1381 789 1446; baseline 0.032 -2"><span class='ocrx_word' id='word_1_1' title='bbox 726 1381 789 1446; x_wconf 91' lang='lat'>111.</span> 
     </span>
    </p>
   </div>
   <div class='ocr_carea' id='block_1_2' title="bbox 224 1567 1289 4432">
    <p class='ocr_par' dir='ltr' id='par_1_2' title="bbox 224 1567 1289 4432">
     <span class='ocr_line' id='line_1_2' title="bbox 310 1567 1288 1655; baseline -0.002 -20"><span class='ocrx_word' id='word_1_2' title='bbox 310 1571 511 1655; x_wconf 76' lang='lat' dir='ltr'>Recuperato</span> <span class='ocrx_word' id='word_1_3' title='bbox 535 1569 704 1651; x_wconf 89' lang='lat' dir='ltr'>utriusque</span> <span class='ocrx_word' id='word_1_4' title='bbox 729 1569 840 1634; x_wconf 85' lang='lat' dir='ltr'>elassis</span> <span class='ocrx_word' id='word_1_5' title='bbox 858 1567 968 1634; x_wconf 85' lang='lat' dir='ltr'><strong>ordine</strong></span> <span class='ocrx_word' id='word_1_6' title='bbox 983 1568 1130 1650; x_wconf 86' lang='lat' dir='ltr'>pristino,</span> <span class='ocrx_word' id='word_1_7' title='bbox 1153 1588 1288 1652; x_wconf 90' lang='lat' dir='ltr'>quorum</span> 
     </span>
     <span class='ocr_line' id='line_1_3' title="bbox 225 1670 1288 1757; baseline -0.001 -19"><span class='ocrx_word' id='word_1_8' title='bbox 225 1678 339 1739; x_wconf 86' lang='lat' dir='ltr'>neuter</span> <span class='ocrx_word' id='word_1_9' title='bbox 361 1692 432 1737; x_wconf 88' lang='lat' dir='ltr'>eum</span> <span class='ocrx_word' id='word_1_10' title='bbox 456 1692 493 1737; x_wconf 91' lang='lat' dir='ltr'>eo</span> <span class='ocrx_word' id='word_1_11' title='bbox 514 1690 611 1755; x_wconf 91' lang='lat' dir='ltr'>quem</span> <span class='ocrx_word' id='word_1_12' title='bbox 636 1670 793 1736; x_wconf 77' lang='lat' dir='ltr'>editiones</span> <span class='ocrx_word' id='word_1_13' title='bbox 816 1671 908 1754; x_wconf 89' lang='lat' dir='ltr'>sequi</span> <span class='ocrx_word' id='word_1_14' title='bbox 932 1671 1036 1735; x_wconf 82' lang='lat' dir='ltr'><strong>solent</strong></span> <span class='ocrx_word' id='word_1_15' title='bbox 1058 1673 1190 1757; x_wconf 86' lang='lat' dir='ltr'>propius</span> <span class='ocrx_word' id='word_1_16' title='bbox 1214 1693 1288 1737; x_wconf 84' lang='lat' dir='ltr'>eon·</span> 
     </span>
     <span class='ocr_line' id='line_1_4' title="bbox 227 1774 1288 1858; baseline -0.001 -17"><span class='ocrx_word' id='word_1_17' title='bbox 227 1778 356 1841; x_wconf 88' lang='lat' dir='ltr'>iunetus</span> <span class='ocrx_word' id='word_1_18' title='bbox 383 1778 440 1856; x_wconf 84' lang='lat' dir='ltr'>est,</span> <span class='ocrx_word' id='word_1_19' title='bbox 474 1774 552 1839; x_wconf 86' lang='lat' dir='ltr'>lieet</span> <span class='ocrx_word' id='word_1_20' title='bbox 578 1775 642 1838; x_wconf 91' lang='lat' dir='ltr'>iam</span> <span class='ocrx_word' id='word_1_21' title='bbox 665 1779 835 1858; x_wconf 88' lang='lat' dir='ltr'>utramque</span> <span class='ocrx_word' id='word_1_22' title='bbox 858 1774 1014 1839; x_wconf 84' lang='lat' dir='ltr'>familiam</span> <span class='ocrx_word' id='word_1_23' title='bbox 1038 1775 1123 1840; x_wconf 88' lang='lat' dir='ltr'>inter</span> <span class='ocrx_word' id='word_1_24' title='bbox 1145 1795 1179 1840; x_wconf 89' lang='lat' dir='ltr'>se</span> <span class='ocrx_word' id='word_1_25' title='bbox 1201 1795 1288 1840; x_wconf 84' lang='lat' dir='ltr'>oom-</span> 
     </span>
     <span class='ocr_line' id='line_1_5' title="bbox 229 1876 1287 1963; baseline 0.001 -21"><span class='ocrx_word' id='word_1_26' title='bbox 229 1899 352 1963; x_wconf 83' lang='lat' dir='ltr'>parare,</span> <span class='ocrx_word' id='word_1_27' title='bbox 388 1878 545 1960; x_wconf 78' lang='lat' dir='ltr'>facileque</span> <span class='ocrx_word' id='word_1_28' title='bbox 582 1880 715 1960; x_wconf 87' lang='lat' dir='ltr'>apparet</span> <span class='ocrx_word' id='word_1_29' title='bbox 750 1895 854 1959; x_wconf 87' lang='lat' dir='ltr'>neque</span> <span class='ocrx_word' id='word_1_30' title='bbox 893 1876 1039 1943; x_wconf 84' lang='lat' dir='ltr'><strong>ordinem</strong></span> <span class='ocrx_word' id='word_1_31' title='bbox 1075 1878 1106 1941; x_wconf 90' lang='lat' dir='ltr'>in</span> <span class='ocrx_word' id='word_1_32' title='bbox 1142 1878 1183 1942; x_wconf 87' lang='lat' dir='ltr'>iis</span> <span class='ocrx_word' id='word_1_33' title='bbox 1217 1898 1287 1943; x_wconf 90' lang='lat' dir='ltr'>esse</span> 
     </span>
     <span class='ocr_line' id='line_1_6' title="bbox 230 1978 1287 2065; baseline -0.001 -19"><span class='ocrx_word' id='word_1_34' title='bbox 230 1981 366 2046; x_wconf 89' lang='lat' dir='ltr'>eundem</span> <span class='ocrx_word' id='word_1_35' title='bbox 394 1984 426 2046; x_wconf 92' lang='lat' dir='ltr'>et</span> <span class='ocrx_word' id='word_1_36' title='bbox 451 1980 554 2045; x_wconf 88' lang='lat' dir='ltr'>multa</span> <span class='ocrx_word' id='word_1_37' title='bbox 581 1979 645 2060; x_wconf 80' lang='lat' dir='ltr'>legi</span> <span class='ocrx_word' id='word_1_38' title='bbox 669 1981 701 2044; x_wconf 92' lang='lat' dir='ltr'>in</span> <span class='ocrx_word' id='word_1_39' title='bbox 730 1979 869 2045; x_wconf 79' lang='lat' dir='ltr'>secunda</span> <span class='ocrx_word' id='word_1_40' title='bbox 892 1978 1036 2044; x_wconf 87' lang='lat' dir='ltr'>oodioum</span> <span class='ocrx_word' id='word_1_41' title='bbox 1060 1980 1184 2045; x_wconf 83' lang='lat' dir='ltr'>familia</span> <span class='ocrx_word' id='word_1_42' title='bbox 1206 2000 1287 2065; x_wconf 90' lang='lat' dir='ltr'>quae</span> 
     </span>
     <span class='ocr_line' id='line_1_7' title="bbox 230 2082 1287 2167; baseline -0.001 -18"><span class='ocrx_word' id='word_1_43' title='bbox 230 2084 346 2149; x_wconf 82' lang='lat' dir='ltr'>desunt</span> <span class='ocrx_word' id='word_1_44' title='bbox 378 2085 410 2148; x_wconf 91' lang='lat' dir='ltr'>in</span> <span class='ocrx_word' id='word_1_45' title='bbox 439 2084 557 2167; x_wconf 92' lang='lat' dir='ltr'>priore.</span> <span class='ocrx_word' id='word_1_46' title='bbox 602 2082 715 2166; x_wconf 84' lang='lat' dir='ltr'>Neque</span> <span class='ocrx_word' id='word_1_47' title='bbox 743 2084 813 2147; x_wconf 87' lang='lat' dir='ltr'>veri</span> <span class='ocrx_word' id='word_1_48' title='bbox 840 2083 945 2148; x_wconf 91' lang='lat' dir='ltr'>simile</span> <span class='ocrx_word' id='word_1_49' title='bbox 972 2085 1022 2148; x_wconf 88' lang='lat' dir='ltr'>est</span> <span class='ocrx_word' id='word_1_50' title='bbox 1049 2103 1125 2149; x_wconf 87' lang='lat' dir='ltr'>oasu</span> <span class='ocrx_word' id='word_1_51' title='bbox 1147 2084 1287 2167; x_wconf 87' lang='lat' dir='ltr'>priorem</span> 
     </span>
     <span class='ocr_line' id='line_1_8' title="bbox 229 2185 1289 2268; baseline 0.001 -17"><span class='ocrx_word' id='word_1_52' title='bbox 229 2187 361 2252; x_wconf 80' lang='lat' dir='ltr'>classem</span> <span class='ocrx_word' id='word_1_53' title='bbox 386 2207 448 2251; x_wconf 90' lang='lat' dir='ltr'>non</span> <span class='ocrx_word' id='word_1_54' title='bbox 471 2186 628 2268; x_wconf 86' lang='lat' dir='ltr'>integram</span> <span class='ocrx_word' id='word_1_55' title='bbox 654 2191 791 2252; x_wconf 86' lang='lat' dir='ltr'>aetatem</span> <span class='ocrx_word' id='word_1_56' title='bbox 814 2185 939 2252; x_wconf 84' lang='lat' dir='ltr'>tulisse.</span> <span class='ocrx_word' id='word_1_57' title='bbox 978 2185 1078 2251; x_wconf 92' lang='lat' dir='ltr'>Paulo</span> <span class='ocrx_word' id='word_1_58' title='bbox 1095 2188 1179 2253; x_wconf 90' lang='lat' dir='ltr'>enim</span> <span class='ocrx_word' id='word_1_59' title='bbox 1196 2208 1289 2253; x_wconf 82' lang='lat' dir='ltr'>aceu-</span> 
     </span>
     <span class='ocr_line' id='line_1_9' title="bbox 226 2289 1289 2375; baseline 0.003 -22"><span class='ocrx_word' id='word_1_60' title='bbox 226 2290 328 2354; x_wconf 90' lang='lat' dir='ltr'>ratius</span> <span class='ocrx_word' id='word_1_61' title='bbox 350 2289 498 2375; x_wconf 80' lang='lat' dir='ltr'>inspecta</span> <span class='ocrx_word' id='word_1_62' title='bbox 520 2289 616 2355; x_wconf 89' lang='lat' dir='ltr'>huius</span> <span class='ocrx_word' id='word_1_63' title='bbox 639 2291 751 2355; x_wconf 85' lang='lat' dir='ltr'>elassis</span> <span class='ocrx_word' id='word_1_64' title='bbox 773 2289 930 2355; x_wconf 89' lang='lat' dir='ltr'>memoria</span> <span class='ocrx_word' id='word_1_65' title='bbox 952 2289 1098 2355; x_wconf 89' lang='lat' dir='ltr'>videmus</span> <span class='ocrx_word' id='word_1_66' title='bbox 1122 2291 1203 2357; x_wconf 91' lang='lat' dir='ltr'>duas</span> <span class='ocrx_word' id='word_1_67' title='bbox 1219 2292 1289 2356; x_wconf 88' lang='lat' dir='ltr'>eius</span> 
     </span>
     <span class='ocr_line' id='line_1_10' title="bbox 225 2391 1289 2477; baseline 0 -19"><span class='ocrx_word' id='word_1_68' title='bbox 225 2413 295 2458; x_wconf 87' lang='lat' dir='ltr'>esse</span> <span class='ocrx_word' id='word_1_69' title='bbox 318 2396 437 2476; x_wconf 87' lang='lat' dir='ltr'>partes,</span> <span class='ocrx_word' id='word_1_70' title='bbox 461 2411 597 2475; x_wconf 88' lang='lat' dir='ltr'>quarum</span> <span class='ocrx_word' id='word_1_71' title='bbox 618 2394 727 2472; x_wconf 82' lang='lat' dir='ltr'>altera,</span> <span class='ocrx_word' id='word_1_72' title='bbox 752 2412 849 2475; x_wconf 89' lang='lat' dir='ltr'>quam</span> <span class='ocrx_word' id='word_1_73' title='bbox 864 2393 973 2458; x_wconf 87' lang='lat' dir='ltr'>littera</span> <span class='ocrx_word' id='word_1_74' title='bbox 990 2391 1013 2457; x_wconf 89' lang='lat' dir='ltr'><strong>B</strong></span> <span class='ocrx_word' id='word_1_75' title='bbox 1029 2394 1061 2457; x_wconf 89' lang='lat' dir='ltr'>in</span> <span class='ocrx_word' id='word_1_76' title='bbox 1078 2393 1289 2477; x_wconf 91' lang='lat' dir='ltr'>sequentibus</span> 
     </span>
     <span class='ocr_line' id='line_1_11' title="bbox 225 2494 1287 2580; baseline 0.003 -21"><span class='ocrx_word' id='word_1_77' title='bbox 225 2496 423 2576; x_wconf 83' lang='lat' dir='ltr'>significabo,</span> <span class='ocrx_word' id='word_1_78' title='bbox 456 2496 567 2561; x_wconf 89' lang='lat' dir='ltr'>eadem</span> <span class='ocrx_word' id='word_1_79' title='bbox 598 2495 754 2580; x_wconf 81' lang='lat' dir='ltr'>opuscula</span> <span class='ocrx_word' id='word_1_80' title='bbox 780 2494 958 2580; x_wconf 89' lang='lat' dir='ltr'>eodemque</span> <span class='ocrx_word' id='word_1_81' title='bbox 985 2496 1096 2562; x_wconf 85' lang='lat' dir='ltr'>ordine</span> <span class='ocrx_word' id='word_1_82' title='bbox 1120 2497 1287 2562; x_wconf 80' lang='lat' dir='ltr'>continens</span> 
     </span>
     <span class='ocr_line' id='line_1_12' title="bbox 226 2597 1288 2682; baseline 0 -20"><span class='ocrx_word' id='word_1_83' title='bbox 226 2599 368 2662; x_wconf 88' lang='lat' dir='ltr'>ooourrit</span> <span class='ocrx_word' id='word_1_84' title='bbox 388 2600 484 2664; x_wconf 90' lang='lat' dir='ltr'>etiam</span> <span class='ocrx_word' id='word_1_85' title='bbox 508 2599 602 2664; x_wconf 87' lang='lat' dir='ltr'>initio</span> <span class='ocrx_word' id='word_1_86' title='bbox 626 2599 738 2664; x_wconf 86' lang='lat' dir='ltr'>elassis</span> <span class='ocrx_word' id='word_1_87' title='bbox 761 2597 920 2663; x_wconf 74' lang='lat' dir='ltr'>secundae</span> <span class='ocrx_word' id='word_1_88' title='bbox 938 2597 1079 2678; x_wconf 78' lang='lat'>(1-12).</span> <span class='ocrx_word' id='word_1_89' title='bbox 1116 2598 1183 2663; x_wconf 90' lang='lat' dir='ltr'>lam</span> <span class='ocrx_word' id='word_1_90' title='bbox 1199 2600 1288 2682; x_wconf 89' lang='lat' dir='ltr'>prior</span> 
     </span>
     <span class='ocr_line' id='line_1_13' title="bbox 226 2700 1286 2786; baseline 0.002 -21"><span class='ocrx_word' id='word_1_91' title='bbox 226 2700 338 2766; x_wconf 89' lang='lat' dir='ltr'>elassis</span> <span class='ocrx_word' id='word_1_92' title='bbox 361 2702 477 2785; x_wconf 90' lang='lat' dir='ltr'>prioris</span> <span class='ocrx_word' id='word_1_93' title='bbox 500 2722 574 2786; x_wconf 88' lang='lat' dir='ltr'>pars</span> <span class='ocrx_word' id='word_1_94' title='bbox 599 2701 654 2782; x_wconf 76' lang='lat' dir='ltr'>(A)</span> <span class='ocrx_word' id='word_1_95' title='bbox 688 2703 803 2784; x_wconf 82' lang='lat' dir='ltr'>insipit</span> <span class='ocrx_word' id='word_1_96' title='bbox 836 2702 875 2765; x_wconf 90' lang='lat' dir='ltr'>ab</span> <span class='ocrx_word' id='word_1_97' title='bbox 903 2700 1016 2766; x_wconf 91' lang='lat' dir='ltr'>eodem</span> <span class='ocrx_word' id='word_1_98' title='bbox 1044 2702 1154 2767; x_wconf 91' lang='lat' dir='ltr'>libello</span> <span class='ocrx_word' id='word_1_99' title='bbox 1179 2700 1286 2781; x_wconf 76' lang='lat' dir='ltr'>(Veris</span> 
     </span>
     <span class='ocr_line' id='line_1_14' title="bbox 226 2802 1287 2890; baseline 0 -22"><span class='ocrx_word' id='word_1_100' title='bbox 226 2803 394 2885; x_wconf 81' lang='lat' dir='ltr'>historiis),</span> <span class='ocrx_word' id='word_1_101' title='bbox 418 2806 474 2888; x_wconf 91' lang='lat' dir='ltr'>qui</span> <span class='ocrx_word' id='word_1_102' title='bbox 496 2807 619 2890; x_wconf 89' lang='lat' dir='ltr'>primus</span> <span class='ocrx_word' id='word_1_103' title='bbox 643 2811 692 2870; x_wconf 90' lang='lat' dir='ltr'>est</span> <span class='ocrx_word' id='word_1_104' title='bbox 714 2809 892 2869; x_wconf 83' lang='lat' dir='ltr'>ceterorum</span> <span class='ocrx_word' id='word_1_105' title='bbox 917 2808 1044 2888; x_wconf 90' lang='lat' dir='ltr'>praeter</span> <span class='ocrx_word' id='word_1_106' title='bbox 1063 2802 1230 2890; x_wconf 88' lang='lat' dir='ltr'>partemB</span> <span class='ocrx_word' id='word_1_107' title='bbox 1253 2804 1287 2868; x_wconf 89' lang='lat' dir='ltr'>in</span> 
     </span>
     <span class='ocr_line' id='line_1_15' title="bbox 229 2906 1287 2993; baseline 0 -22"><span class='ocrx_word' id='word_1_108' title='bbox 229 2907 328 2972; x_wconf 88' lang='lat' dir='ltr'>olasse</span> <span class='ocrx_word' id='word_1_109' title='bbox 360 2907 510 2972; x_wconf 81' lang='lat' dir='ltr'>secunda.</span> <span class='ocrx_word' id='word_1_110' title='bbox 555 2908 668 2992; x_wconf 89' lang='lat' dir='ltr'>Neque</span> <span class='ocrx_word' id='word_1_111' title='bbox 701 2907 807 2973; x_wconf 90' lang='lat' dir='ltr'>minus</span> <span class='ocrx_word' id='word_1_112' title='bbox 841 2906 959 2972; x_wconf 85' lang='lat' dir='ltr'>desinit</span> <span class='ocrx_word' id='word_1_113' title='bbox 992 2909 1081 2993; x_wconf 90' lang='lat' dir='ltr'>prior</span> <span class='ocrx_word' id='word_1_114' title='bbox 1114 2907 1226 2973; x_wconf 88' lang='lat' dir='ltr'>elassis</span> <span class='ocrx_word' id='word_1_115' title='bbox 1253 2907 1287 2972; x_wconf 89' lang='lat' dir='ltr'>in</span> 
     </span>
     <span class='ocr_line' id='line_1_16' title="bbox 229 3009 1286 3094; baseline -0.001 -19"><span class='ocrx_word' id='word_1_116' title='bbox 229 3009 336 3076; x_wconf 88' lang='lat' dir='ltr'>eodem</span> <span class='ocrx_word' id='word_1_117' title='bbox 360 3011 469 3075; x_wconf 88' lang='lat' dir='ltr'>libello</span> <span class='ocrx_word' id='word_1_118' title='bbox 485 3013 540 3093; x_wconf 93' lang='lat' dir='ltr'>qui</span> <span class='ocrx_word' id='word_1_119' title='bbox 564 3011 698 3077; x_wconf 88' lang='lat' dir='ltr'>ultimus</span> <span class='ocrx_word' id='word_1_120' title='bbox 722 3014 772 3076; x_wconf 91' lang='lat' dir='ltr'>est</span> <span class='ocrx_word' id='word_1_121' title='bbox 793 3009 936 3094; x_wconf 88' lang='lat' dir='ltr'>partisB</span> <span class='ocrx_word' id='word_1_122' title='bbox 960 3012 1058 3075; x_wconf 89' lang='lat' dir='ltr'>etiam</span> <span class='ocrx_word' id='word_1_123' title='bbox 1080 3011 1114 3075; x_wconf 94' lang='lat' dir='ltr'>in</span> <span class='ocrx_word' id='word_1_124' title='bbox 1137 3010 1286 3076; x_wconf 83' lang='lat' dir='ltr'>secunda.</span> 
     </span>
     <span class='ocr_line' id='line_1_17' title="bbox 226 3111 1287 3198; baseline 0 -21"><span class='ocrx_word' id='word_1_125' title='bbox 226 3111 336 3196; x_wconf 88' lang='lat' dir='ltr'>ltaque</span> <span class='ocrx_word' id='word_1_126' title='bbox 358 3133 462 3197; x_wconf 89' lang='lat' dir='ltr'>neque</span> <span class='ocrx_word' id='word_1_127' title='bbox 486 3115 517 3178; x_wconf 89' lang='lat' dir='ltr'>in</span> <span class='ocrx_word' id='word_1_128' title='bbox 539 3116 600 3180; x_wconf 93' lang='lat' dir='ltr'>fine</span> <span class='ocrx_word' id='word_1_129' title='bbox 622 3116 734 3180; x_wconf 87' lang='lat' dir='ltr'>elassis</span> <span class='ocrx_word' id='word_1_130' title='bbox 751 3114 868 3198; x_wconf 92' lang='lat' dir='ltr'>prioris</span> <span class='ocrx_word' id='word_1_131' title='bbox 882 3133 988 3197; x_wconf 90' lang='lat' dir='ltr'>neque</span> <span class='ocrx_word' id='word_1_132' title='bbox 1003 3113 1094 3179; x_wconf 89' lang='lat' dir='ltr'>initio</span> <span class='ocrx_word' id='word_1_133' title='bbox 1110 3113 1287 3197; x_wconf 84' lang='lat' dir='ltr'>quidquam</span> 
     </span>
     <span class='ocr_line' id='line_1_18' title="bbox 228 3217 1285 3301; baseline 0.001 -20"><span class='ocrx_word' id='word_1_134' title='bbox 228 3217 363 3300; x_wconf 88' lang='lat' dir='ltr'>periisse</span> <span class='ocrx_word' id='word_1_135' title='bbox 394 3217 559 3300; x_wconf 82' lang='lat' dir='ltr'>probabile</span> <span class='ocrx_word' id='word_1_136' title='bbox 593 3222 651 3282; x_wconf 89' lang='lat' dir='ltr'>est.</span> <span class='ocrx_word' id='word_1_137' title='bbox 697 3217 763 3282; x_wconf 85' lang='lat' dir='ltr'>lam</span> <span class='ocrx_word' id='word_1_138' title='bbox 791 3217 929 3301; x_wconf 88' lang='lat' dir='ltr'>amplius</span> <span class='ocrx_word' id='word_1_139' title='bbox 955 3222 1126 3300; x_wconf 83' lang='lat' dir='ltr'>utramque</span> <span class='ocrx_word' id='word_1_140' title='bbox 1153 3217 1285 3282; x_wconf 84' lang='lat' dir='ltr'>classem</span> 
     </span>
     <span class='ocr_line' id='line_1_19' title="bbox 226 3318 1287 3403; baseline 0 -19"><span class='ocrx_word' id='word_1_141' title='bbox 226 3321 401 3385; x_wconf 80' lang='lat' dir='ltr'>conferenti</span> <span class='ocrx_word' id='word_1_142' title='bbox 429 3321 569 3403; x_wconf 90' lang='lat' dir='ltr'>primum</span> <span class='ocrx_word' id='word_1_143' title='bbox 597 3320 783 3386; x_wconf 80' lang='lat' dir='ltr'>sesemendi</span> <span class='ocrx_word' id='word_1_144' title='bbox 810 3324 885 3385; x_wconf 87' lang='lat' dir='ltr'>sunt</span> <span class='ocrx_word' id='word_1_145' title='bbox 911 3320 1030 3402; x_wconf 85' lang='lat' dir='ltr'>dialogi</span> <span class='ocrx_word' id='word_1_146' title='bbox 1057 3321 1196 3385; x_wconf 86' lang='lat' dir='ltr'>minores</span> <span class='ocrx_word' id='word_1_147' title='bbox 1220 3318 1287 3401; x_wconf 83' lang='lat' dir='ltr'><strong>(D),</strong></span> 
     </span>
     <span class='ocr_line' id='line_1_20' title="bbox 226 3422 1287 3507; baseline 0 -20"><span class='ocrx_word' id='word_1_148' title='bbox 226 3443 306 3506; x_wconf 87' lang='lat' dir='ltr'>quos</span> <span class='ocrx_word' id='word_1_149' title='bbox 340 3445 358 3488; x_wconf 92' lang='lat' dir='ltr'>a</span> <span class='ocrx_word' id='word_1_150' title='bbox 392 3423 550 3489; x_wconf 82' lang='lat' dir='ltr'>secundae</span> <span class='ocrx_word' id='word_1_151' title='bbox 585 3423 697 3489; x_wconf 90' lang='lat' dir='ltr'>elassis</span> <span class='ocrx_word' id='word_1_152' title='bbox 731 3422 906 3507; x_wconf 83' lang='lat' dir='ltr'>archetypo</span> <span class='ocrx_word' id='word_1_153' title='bbox 939 3424 1059 3489; x_wconf 89' lang='lat' dir='ltr'>alienos</span> <span class='ocrx_word' id='word_1_154' title='bbox 1092 3443 1161 3489; x_wconf 90' lang='lat' dir='ltr'>esse</span> <span class='ocrx_word' id='word_1_155' title='bbox 1195 3426 1227 3487; x_wconf 91' lang='lat' dir='ltr'>et</span> <span class='ocrx_word' id='word_1_156' title='bbox 1253 3424 1287 3488; x_wconf 92' lang='lat' dir='ltr'>in</span> 
     </span>
     <span class='ocr_line' id='line_1_21' title="bbox 227 3525 1286 3610; baseline 0 -20"><span class='ocrx_word' id='word_1_157' title='bbox 227 3527 368 3609; x_wconf 90' lang='lat' dir='ltr'>priorem</span> <span class='ocrx_word' id='word_1_158' title='bbox 392 3546 517 3609; x_wconf 89' lang='lat' dir='ltr'>qnoque</span> <span class='ocrx_word' id='word_1_159' title='bbox 533 3530 645 3610; x_wconf 88' lang='lat' dir='ltr'>postea</span> <span class='ocrx_word' id='word_1_160' title='bbox 667 3525 769 3590; x_wconf 88' lang='lat' dir='ltr'>videri</span> <span class='ocrx_word' id='word_1_161' title='bbox 792 3526 899 3591; x_wconf 88' lang='lat' dir='ltr'>illatos</span> <span class='ocrx_word' id='word_1_162' title='bbox 922 3546 991 3591; x_wconf 92' lang='lat' dir='ltr'>esse</span> <span class='ocrx_word' id='word_1_163' title='bbox 1016 3546 1114 3610; x_wconf 90' lang='lat' dir='ltr'>supra</span> <span class='ocrx_word' id='word_1_164' title='bbox 1136 3525 1286 3592; x_wconf 85' lang='lat' dir='ltr'>vidimus.</span> 
     </span>
     <span class='ocr_line' id='line_1_22' title="bbox 224 3627 1288 3715; baseline -0.001 -21"><span class='ocrx_word' id='word_1_165' title='bbox 224 3628 361 3694; x_wconf 84' lang='lat' dir='ltr'>Restant</span> <span class='ocrx_word' id='word_1_166' title='bbox 394 3634 458 3696; x_wconf 90' lang='lat' dir='ltr'>tres</span> <span class='ocrx_word' id='word_1_167' title='bbox 492 3635 610 3715; x_wconf 82' lang='lat' dir='ltr'>parles,</span> <span class='ocrx_word' id='word_1_168' title='bbox 644 3629 670 3693; x_wconf 90' lang='lat' dir='ltr'><strong>B</strong></span> <span class='ocrx_word' id='word_1_169' title='bbox 698 3627 808 3712; x_wconf 86' lang='lat' dir='ltr'>(opera</span> <span class='ocrx_word' id='word_1_170' title='bbox 834 3649 915 3713; x_wconf 88' lang='lat' dir='ltr'>quae</span> <span class='ocrx_word' id='word_1_171' title='bbox 943 3628 977 3693; x_wconf 93' lang='lat' dir='ltr'>in</span> <span class='ocrx_word' id='word_1_172' title='bbox 1003 3634 1139 3713; x_wconf 90' lang='lat' dir='ltr'>utraque</span> <span class='ocrx_word' id='word_1_173' title='bbox 1165 3629 1288 3693; x_wconf 89' lang='lat' dir='ltr'>familia</span> 
     </span>
     <span class='ocr_line' id='line_1_23' title="bbox 226 3730 1288 3815; baseline 0.001 -20"><span class='ocrx_word' id='word_1_174' title='bbox 226 3731 340 3796; x_wconf 91' lang='lat' dir='ltr'>eodem</span> <span class='ocrx_word' id='word_1_175' title='bbox 363 3732 473 3798; x_wconf 91' lang='lat' dir='ltr'>ordine</span> <span class='ocrx_word' id='word_1_176' title='bbox 489 3731 664 3815; x_wconf 78' lang='lat' dir='ltr'>leguntur),</span> <span class='ocrx_word' id='word_1_177' title='bbox 688 3733 718 3796; x_wconf 80' lang='lat' dir='ltr'>A</span> <span class='ocrx_word' id='word_1_178' title='bbox 734 3730 828 3815; x_wconf 89' lang='lat' dir='ltr'>(quae</span> <span class='ocrx_word' id='word_1_179' title='bbox 850 3732 980 3815; x_wconf 89' lang='lat' dir='ltr'>utrique</span> <span class='ocrx_word' id='word_1_180' title='bbox 994 3732 1090 3798; x_wconf 89' lang='lat' dir='ltr'>olassi</span> <span class='ocrx_word' id='word_1_181' title='bbox 1106 3733 1288 3797; x_wconf 84' lang='lat' dir='ltr'>eommunia</span> 
     </span>
     <span class='ocr_line' id='line_1_24' title="bbox 227 3832 1286 3918; baseline 0.001 -19"><span class='ocrx_word' id='word_1_182' title='bbox 227 3839 312 3914; x_wconf 83' lang='lat' dir='ltr'>sunt,</span> <span class='ocrx_word' id='word_1_183' title='bbox 347 3836 466 3918; x_wconf 81' lang='lat' dir='ltr'>scripta</span> <span class='ocrx_word' id='word_1_184' title='bbox 494 3841 599 3901; x_wconf 87' lang='lat' dir='ltr'>autem</span> <span class='ocrx_word' id='word_1_185' title='bbox 627 3835 753 3901; x_wconf 90' lang='lat' dir='ltr'>diverso</span> <span class='ocrx_word' id='word_1_186' title='bbox 781 3833 915 3915; x_wconf 83' lang='lat' dir='ltr'>ordine),</span> <span class='ocrx_word' id='word_1_187' title='bbox 949 3832 1106 3918; x_wconf 88' lang='lat' dir='ltr'>C(opera</span> <span class='ocrx_word' id='word_1_188' title='bbox 1129 3834 1286 3900; x_wconf 81' lang='lat' dir='ltr'>secundae</span> 
     </span>
     <span class='ocr_line' id='line_1_25' title="bbox 226 3937 1287 4023; baseline 0.002 -21"><span class='ocrx_word' id='word_1_189' title='bbox 226 3937 340 4002; x_wconf 84' lang='lat' dir='ltr'>elassis</span> <span class='ocrx_word' id='word_1_190' title='bbox 373 3937 526 4023; x_wconf 81' lang='lat' dir='ltr'>propria).</span> <span class='ocrx_word' id='word_1_191' title='bbox 582 3938 776 4003; x_wconf 85' lang='lat' dir='ltr'>Aoeuratius</span> <span class='ocrx_word' id='word_1_192' title='bbox 810 3942 920 4003; x_wconf 90' lang='lat' dir='ltr'>autem</span> <span class='ocrx_word' id='word_1_193' title='bbox 953 3939 1137 4003; x_wconf 82' lang='lat' dir='ltr'>examinata</span> <span class='ocrx_word' id='word_1_194' title='bbox 1170 3938 1287 4020; x_wconf 90' lang='lat' dir='ltr'>prioris</span> 
     </span>
     <span class='ocr_line' id='line_1_26' title="bbox 227 4039 1287 4125; baseline 0 -21"><span class='ocrx_word' id='word_1_195' title='bbox 227 4039 340 4106; x_wconf 87' lang='lat' dir='ltr'>elassis</span> <span class='ocrx_word' id='word_1_196' title='bbox 362 4042 497 4123; x_wconf 85' lang='lat' dir='ltr'>parteA</span> <span class='ocrx_word' id='word_1_197' title='bbox 521 4045 655 4125; x_wconf 87' lang='lat' dir='ltr'>apparet</span> <span class='ocrx_word' id='word_1_198' title='bbox 676 4061 730 4106; x_wconf 91' lang='lat' dir='ltr'>eos</span> <span class='ocrx_word' id='word_1_199' title='bbox 752 4042 818 4106; x_wconf 84' lang='lat' dir='ltr'>fere</span> <span class='ocrx_word' id='word_1_200' title='bbox 840 4041 967 4106; x_wconf 89' lang='lat' dir='ltr'>libellos</span> <span class='ocrx_word' id='word_1_201' title='bbox 991 4061 1030 4106; x_wconf 90' lang='lat' dir='ltr'>ea</span> <span class='ocrx_word' id='word_1_202' title='bbox 1052 4041 1208 4106; x_wconf 82' lang='lat' dir='ltr'>contineri</span> <span class='ocrx_word' id='word_1_203' title='bbox 1231 4040 1287 4125; x_wconf 91' lang='lat' dir='ltr'>qui</span> 
     </span>
     <span class='ocr_line' id='line_1_27' title="bbox 227 4141 1286 4224; baseline 0.002 -18"><span class='ocrx_word' id='word_1_204' title='bbox 227 4142 412 4208; x_wconf 82' lang='lat' dir='ltr'>scribuntur</span> <span class='ocrx_word' id='word_1_205' title='bbox 433 4143 466 4208; x_wconf 88' lang='lat' dir='ltr'>in</span> <span class='ocrx_word' id='word_1_206' title='bbox 489 4143 614 4207; x_wconf 91' lang='lat' dir='ltr'>familia</span> <span class='ocrx_word' id='word_1_207' title='bbox 636 4143 777 4208; x_wconf 83' lang='lat' dir='ltr'>secunda</span> <span class='ocrx_word' id='word_1_208' title='bbox 798 4142 872 4208; x_wconf 89' lang='lat' dir='ltr'>inde</span> <span class='ocrx_word' id='word_1_209' title='bbox 896 4163 915 4207; x_wconf 88' lang='lat' dir='ltr'>a</span> <span class='ocrx_word' id='word_1_210' title='bbox 937 4142 1029 4211; x_wconf 90' lang='lat' dir='ltr'>Veris</span> <span class='ocrx_word' id='word_1_211' title='bbox 1052 4143 1195 4209; x_wconf 88' lang='lat' dir='ltr'>historiis</span> <span class='ocrx_word' id='word_1_212' title='bbox 1219 4141 1286 4224; x_wconf 82' lang='lat'>(13)</span> 
     </span>
     <span class='ocr_line' id='line_1_28' title="bbox 225 4244 1287 4331; baseline 0.004 -23"><span class='ocrx_word' id='word_1_213' title='bbox 225 4263 329 4327; x_wconf 90' lang='lat' dir='ltr'>usque</span> <span class='ocrx_word' id='word_1_214' title='bbox 357 4245 397 4311; x_wconf 93' lang='lat' dir='ltr'>ad</span> <span class='ocrx_word' id='word_1_215' title='bbox 420 4245 641 4311; x_wconf 85' lang='lat' dir='ltr'>Alexandrum</span> <span class='ocrx_word' id='word_1_216' title='bbox 669 4244 747 4326; x_wconf 74' lang='lat'>(42),</span> <span class='ocrx_word' id='word_1_217' title='bbox 776 4264 903 4329; x_wconf 90' lang='lat' dir='ltr'>quoque</span> <span class='ocrx_word' id='word_1_218' title='bbox 930 4247 1033 4329; x_wconf 82' lang='lat' dir='ltr'>magis</span> <span class='ocrx_word' id='word_1_219' title='bbox 1060 4247 1157 4312; x_wconf 90' lang='lat' dir='ltr'>huius</span> <span class='ocrx_word' id='word_1_220' title='bbox 1184 4247 1287 4331; x_wconf 83' lang='lat' dir='ltr'>partis</span> 
     </span>
     <span class='ocr_line' id='line_1_29' title="bbox 228 4346 1287 4432; baseline 0.004 -21"><span class='ocrx_word' id='word_1_221' title='bbox 228 4346 304 4412; x_wconf 91' lang='lat' dir='ltr'>ordo</span> <span class='ocrx_word' id='word_1_222' title='bbox 326 4349 359 4412; x_wconf 89' lang='lat' dir='ltr'>in</span> <span class='ocrx_word' id='word_1_223' title='bbox 378 4352 516 4432; x_wconf 84' lang='lat' dir='ltr'>utraque</span> <span class='ocrx_word' id='word_1_224' title='bbox 533 4349 655 4414; x_wconf 88' lang='lat' dir='ltr'>familia</span> <span class='ocrx_word' id='word_1_225' title='bbox 669 4349 818 4415; x_wconf 85' lang='lat' dir='ltr'>turbatus</span> <span class='ocrx_word' id='word_1_226' title='bbox 834 4354 892 4432; x_wconf 83' lang='lat' dir='ltr'>est,</span> <span class='ocrx_word' id='word_1_227' title='bbox 915 4353 1005 4415; x_wconf 88' lang='lat' dir='ltr'>tanto</span> <span class='ocrx_word' id='word_1_228' title='bbox 1021 4350 1127 4416; x_wconf 85' lang='lat' dir='ltr'>aerius</span> <span class='ocrx_word' id='word_1_229' title='bbox 1142 4348 1287 4415; x_wconf 87' lang='lat' dir='ltr'>animad-</span> 
     </span>
    </p>
   </div>
   <div class='ocr_carea' id='block_1_3' title="bbox 0 0 1523 5002">
    <p class='ocr_par' dir='ltr' id='par_1_3' title="bbox 0 0 1523 5002">
     <span class='ocr_line' id='line_1_30' title="bbox 0 0 1523 5002; baseline 0 0"><span class='ocrx_word' id='word_1_230' title='bbox 0 0 1523 5002; x_wconf 95' lang='lat' dir='ltr'> </span> 
     </span>
    </p>
   </div>
  </div>
 </body>
</html>
